%YAML 1.1
%TAG !u! tag:unity3d.com,2011:
--- !u!29 &1
OcclusionCullingSettings:
  m_ObjectHideFlags: 0
  serializedVersion: 2
  m_OcclusionBakeSettings:
    smallestOccluder: 5
    smallestHole: 0.25
    backfaceThreshold: 100
  m_SceneGUID: 00000000000000000000000000000000
  m_OcclusionCullingData: {fileID: 0}
--- !u!104 &2
RenderSettings:
  m_ObjectHideFlags: 0
  serializedVersion: 9
  m_Fog: 0
  m_FogColor: {r: 0.5, g: 0.5, b: 0.5, a: 1}
  m_FogMode: 3
  m_FogDensity: 0.01
  m_LinearFogStart: 0
  m_LinearFogEnd: 300
  m_AmbientSkyColor: {r: 1, g: 1, b: 1, a: 1}
  m_AmbientEquatorColor: {r: 0.114, g: 0.125, b: 0.133, a: 1}
  m_AmbientGroundColor: {r: 0.047, g: 0.043, b: 0.035, a: 1}
  m_AmbientIntensity: 1
  m_AmbientMode: 3
  m_SubtractiveShadowColor: {r: 0.78432584, g: 0.7019608, b: 0.9137255, a: 1}
  m_SkyboxMaterial: {fileID: 2100000, guid: 0ffaa0b7117ba8c47a9d05ae701d4b4d, type: 2}
  m_HaloStrength: 0.5
  m_FlareStrength: 1
  m_FlareFadeSpeed: 3
  m_HaloTexture: {fileID: 0}
  m_SpotCookie: {fileID: 10001, guid: 0000000000000000e000000000000000, type: 0}
  m_DefaultReflectionMode: 0
  m_DefaultReflectionResolution: 128
  m_ReflectionBounces: 1
  m_ReflectionIntensity: 1
  m_CustomReflection: {fileID: 0}
  m_Sun: {fileID: 0}
  m_IndirectSpecularColor: {r: 0.28521833, g: 0.3710905, b: 0.49175933, a: 1}
  m_UseRadianceAmbientProbe: 0
--- !u!157 &3
LightmapSettings:
  m_ObjectHideFlags: 0
  serializedVersion: 12
  m_GIWorkflowMode: 1
  m_GISettings:
    serializedVersion: 2
    m_BounceScale: 1
    m_IndirectOutputScale: 1
    m_AlbedoBoost: 1
    m_EnvironmentLightingMode: 0
    m_EnableBakedLightmaps: 1
    m_EnableRealtimeLightmaps: 0
  m_LightmapEditorSettings:
    serializedVersion: 12
    m_Resolution: 2
    m_BakeResolution: 40
    m_AtlasSize: 1024
    m_AO: 0
    m_AOMaxDistance: 1
    m_CompAOExponent: 1
    m_CompAOExponentDirect: 0
    m_ExtractAmbientOcclusion: 0
    m_Padding: 2
    m_LightmapParameters: {fileID: 0}
    m_LightmapsBakeMode: 1
    m_TextureCompression: 1
    m_FinalGather: 0
    m_FinalGatherFiltering: 1
    m_FinalGatherRayCount: 256
    m_ReflectionCompression: 2
    m_MixedBakeMode: 2
    m_BakeBackend: 1
    m_PVRSampling: 1
    m_PVRDirectSampleCount: 32
    m_PVRSampleCount: 512
    m_PVRBounces: 2
    m_PVREnvironmentSampleCount: 256
    m_PVREnvironmentReferencePointCount: 2048
    m_PVRFilteringMode: 1
    m_PVRDenoiserTypeDirect: 1
    m_PVRDenoiserTypeIndirect: 1
    m_PVRDenoiserTypeAO: 1
    m_PVRFilterTypeDirect: 0
    m_PVRFilterTypeIndirect: 0
    m_PVRFilterTypeAO: 0
    m_PVREnvironmentMIS: 1
    m_PVRCulling: 1
    m_PVRFilteringGaussRadiusDirect: 1
    m_PVRFilteringGaussRadiusIndirect: 5
    m_PVRFilteringGaussRadiusAO: 2
    m_PVRFilteringAtrousPositionSigmaDirect: 0.5
    m_PVRFilteringAtrousPositionSigmaIndirect: 2
    m_PVRFilteringAtrousPositionSigmaAO: 1
    m_ExportTrainingData: 0
    m_TrainingDataDestination: TrainingData
    m_LightProbeSampleCountMultiplier: 4
  m_LightingDataAsset: {fileID: 0}
  m_LightingSettings: {fileID: 0}
--- !u!196 &4
NavMeshSettings:
  serializedVersion: 2
  m_ObjectHideFlags: 0
  m_BuildSettings:
    serializedVersion: 2
    agentTypeID: 0
    agentRadius: 0.5
    agentHeight: 2
    agentSlope: 45
    agentClimb: 0.4
    ledgeDropHeight: 0
    maxJumpAcrossDistance: 0
    minRegionArea: 2
    manualCellSize: 0
    cellSize: 0.16666667
    manualTileSize: 0
    tileSize: 256
    accuratePlacement: 0
    maxJobWorkers: 0
    preserveTilesOutsideBounds: 0
    debug:
      m_Flags: 0
  m_NavMeshData: {fileID: 0}
--- !u!1 &1003812 stripped
GameObject:
  m_CorrespondingSourceObject: {fileID: 919132149155446097, guid: 014d624c84ad17945b006cb62d9c3b10, type: 3}
  m_PrefabInstance: {fileID: 2002355588}
  m_PrefabAsset: {fileID: 0}
--- !u!114 &1003813
MonoBehaviour:
  m_ObjectHideFlags: 0
  m_CorrespondingSourceObject: {fileID: 0}
  m_PrefabInstance: {fileID: 0}
  m_PrefabAsset: {fileID: 0}
  m_GameObject: {fileID: 1003812}
  m_Enabled: 1
  m_EditorHideFlags: 0
  m_Script: {fileID: 11500000, guid: fff0960ef4ea6e04eac66b4a7fd2189d, type: 3}
  m_Name: 
  m_EditorClassIdentifier: 
  m_RigLayers:
  - m_Rig: {fileID: 2030018514}
    m_Active: 1
  m_Effectors: []
--- !u!4 &1003815 stripped
Transform:
  m_CorrespondingSourceObject: {fileID: -8679921383154817045, guid: 014d624c84ad17945b006cb62d9c3b10, type: 3}
  m_PrefabInstance: {fileID: 2002355588}
  m_PrefabAsset: {fileID: 0}
--- !u!114 &1003816
MonoBehaviour:
  m_ObjectHideFlags: 0
  m_CorrespondingSourceObject: {fileID: 0}
  m_PrefabInstance: {fileID: 0}
  m_PrefabAsset: {fileID: 0}
  m_GameObject: {fileID: 1003812}
  m_Enabled: 1
  m_EditorHideFlags: 0
  m_Script: {fileID: 11500000, guid: b2d8418b0b9634b1892b0268dd9c2743, type: 3}
  m_Name: 
  m_EditorClassIdentifier: 
  boneShape: 1
  drawBones: 1
  drawTripods: 0
  boneSize: 1
  tripodSize: 1
  boneColor: {r: 0, g: 0, b: 1, a: 0.5}
  m_Transforms:
  - {fileID: 685516394}
  - {fileID: 76089772}
  - {fileID: 511798623}
  - {fileID: 1126793052}
  - {fileID: 73533898}
  - {fileID: 930898310}
  - {fileID: 1804557111}
  - {fileID: 1363027357}
  - {fileID: 33995009}
  - {fileID: 1070372931}
  - {fileID: 1753557550}
  - {fileID: 1891871967}
  - {fileID: 1657491813}
  - {fileID: 1490597563}
  - {fileID: 93788046}
  - {fileID: 1447820149}
  - {fileID: 822849757}
  - {fileID: 1327138556}
  - {fileID: 842711241}
  - {fileID: 1561551076}
  - {fileID: 215156185}
  - {fileID: 1095528158}
  - {fileID: 267440648}
  - {fileID: 1755956187}
  - {fileID: 644075074}
  - {fileID: 806565766}
  - {fileID: 1133719389}
  - {fileID: 573764790}
  - {fileID: 523792753}
  - {fileID: 284745174}
  - {fileID: 1946877384}
  - {fileID: 343384437}
  - {fileID: 1709199882}
  - {fileID: 499759590}
  - {fileID: 1750852782}
  - {fileID: 1927097907}
  - {fileID: 1207359158}
  - {fileID: 710934904}
  - {fileID: 240368420}
  - {fileID: 936096583}
  - {fileID: 1573307899}
  - {fileID: 1654058462}
  - {fileID: 382006059}
  - {fileID: 921391311}
  - {fileID: 797058600}
  - {fileID: 1446992043}
  - {fileID: 1884798547}
  - {fileID: 308589990}
  - {fileID: 1739532812}
  - {fileID: 1161095913}
  - {fileID: 572277543}
  - {fileID: 721805305}
  - {fileID: 875957972}
  - {fileID: 1607426526}
--- !u!4 &14276841 stripped
Transform:
  m_CorrespondingSourceObject: {fileID: 400030, guid: 959d14bf134f54a6e993fe6ca6e063c0, type: 3}
  m_PrefabInstance: {fileID: 657391339}
  m_PrefabAsset: {fileID: 0}
--- !u!4 &22499428 stripped
Transform:
  m_CorrespondingSourceObject: {fileID: 400074, guid: 959d14bf134f54a6e993fe6ca6e063c0, type: 3}
  m_PrefabInstance: {fileID: 657391339}
  m_PrefabAsset: {fileID: 0}
--- !u!4 &28397355 stripped
Transform:
  m_CorrespondingSourceObject: {fileID: 400024, guid: 959d14bf134f54a6e993fe6ca6e063c0, type: 3}
  m_PrefabInstance: {fileID: 657391339}
  m_PrefabAsset: {fileID: 0}
--- !u!4 &33995009 stripped
Transform:
  m_CorrespondingSourceObject: {fileID: 3650889447048806081, guid: 014d624c84ad17945b006cb62d9c3b10, type: 3}
  m_PrefabInstance: {fileID: 2002355588}
  m_PrefabAsset: {fileID: 0}
--- !u!4 &73533898 stripped
Transform:
  m_CorrespondingSourceObject: {fileID: -4031644905299287516, guid: 014d624c84ad17945b006cb62d9c3b10, type: 3}
  m_PrefabInstance: {fileID: 2002355588}
  m_PrefabAsset: {fileID: 0}
--- !u!4 &76089772 stripped
Transform:
  m_CorrespondingSourceObject: {fileID: 6154837977840911850, guid: 014d624c84ad17945b006cb62d9c3b10, type: 3}
  m_PrefabInstance: {fileID: 2002355588}
  m_PrefabAsset: {fileID: 0}
--- !u!4 &77487822 stripped
Transform:
  m_CorrespondingSourceObject: {fileID: 400016, guid: 959d14bf134f54a6e993fe6ca6e063c0, type: 3}
  m_PrefabInstance: {fileID: 657391339}
  m_PrefabAsset: {fileID: 0}
--- !u!4 &86152925 stripped
Transform:
  m_CorrespondingSourceObject: {fileID: 400100, guid: 959d14bf134f54a6e993fe6ca6e063c0, type: 3}
  m_PrefabInstance: {fileID: 657391339}
  m_PrefabAsset: {fileID: 0}
--- !u!4 &93788046 stripped
Transform:
  m_CorrespondingSourceObject: {fileID: -184746016751948121, guid: 014d624c84ad17945b006cb62d9c3b10, type: 3}
  m_PrefabInstance: {fileID: 2002355588}
  m_PrefabAsset: {fileID: 0}
--- !u!4 &119353685 stripped
Transform:
  m_CorrespondingSourceObject: {fileID: 400092, guid: 959d14bf134f54a6e993fe6ca6e063c0, type: 3}
  m_PrefabInstance: {fileID: 657391339}
  m_PrefabAsset: {fileID: 0}
--- !u!4 &155732191 stripped
Transform:
  m_CorrespondingSourceObject: {fileID: 400072, guid: 959d14bf134f54a6e993fe6ca6e063c0, type: 3}
  m_PrefabInstance: {fileID: 657391339}
  m_PrefabAsset: {fileID: 0}
--- !u!4 &158043660 stripped
Transform:
  m_CorrespondingSourceObject: {fileID: 400012, guid: 959d14bf134f54a6e993fe6ca6e063c0, type: 3}
  m_PrefabInstance: {fileID: 657391339}
  m_PrefabAsset: {fileID: 0}
--- !u!4 &159357776 stripped
Transform:
  m_CorrespondingSourceObject: {fileID: 400010, guid: 959d14bf134f54a6e993fe6ca6e063c0, type: 3}
  m_PrefabInstance: {fileID: 657391339}
  m_PrefabAsset: {fileID: 0}
--- !u!4 &187509168 stripped
Transform:
  m_CorrespondingSourceObject: {fileID: 400076, guid: 959d14bf134f54a6e993fe6ca6e063c0, type: 3}
  m_PrefabInstance: {fileID: 657391339}
  m_PrefabAsset: {fileID: 0}
--- !u!1 &203182293
GameObject:
  m_ObjectHideFlags: 0
  m_CorrespondingSourceObject: {fileID: 0}
  m_PrefabInstance: {fileID: 0}
  m_PrefabAsset: {fileID: 0}
  serializedVersion: 6
  m_Component:
  - component: {fileID: 203182294}
  - component: {fileID: 203182296}
  - component: {fileID: 203182295}
  m_Layer: 5
  m_Name: Image
  m_TagString: Untagged
  m_Icon: {fileID: 0}
  m_NavMeshLayer: 0
  m_StaticEditorFlags: 0
  m_IsActive: 1
--- !u!224 &203182294
RectTransform:
  m_ObjectHideFlags: 0
  m_CorrespondingSourceObject: {fileID: 0}
  m_PrefabInstance: {fileID: 0}
  m_PrefabAsset: {fileID: 0}
  m_GameObject: {fileID: 203182293}
  m_LocalRotation: {x: 0, y: 0, z: 0, w: 1}
  m_LocalPosition: {x: 0, y: 0, z: 0.5}
  m_LocalScale: {x: 1, y: 1, z: 1}
  m_Children: []
  m_Father: {fileID: 1615570652}
  m_RootOrder: 0
  m_LocalEulerAnglesHint: {x: 0, y: 0, z: 0}
  m_AnchorMin: {x: 0.5, y: 0.5}
  m_AnchorMax: {x: 0.5, y: 0.5}
  m_AnchoredPosition: {x: -0.125, y: 0}
  m_SizeDelta: {x: 0.15, y: 0.15}
  m_Pivot: {x: 0.5, y: 0.5}
--- !u!114 &203182295
MonoBehaviour:
  m_ObjectHideFlags: 0
  m_CorrespondingSourceObject: {fileID: 0}
  m_PrefabInstance: {fileID: 0}
  m_PrefabAsset: {fileID: 0}
  m_GameObject: {fileID: 203182293}
  m_Enabled: 1
  m_EditorHideFlags: 0
  m_Script: {fileID: 11500000, guid: fe87c0e1cc204ed48ad3b37840f39efc, type: 3}
  m_Name: 
  m_EditorClassIdentifier: 
  m_Material: {fileID: 0}
  m_Color: {r: 1, g: 1, b: 1, a: 1}
  m_RaycastTarget: 1
  m_RaycastPadding: {x: 0, y: 0, z: 0, w: 0}
  m_Maskable: 1
  m_OnCullStateChanged:
    m_PersistentCalls:
      m_Calls: []
  m_Sprite: {fileID: 21300000, guid: 8314b2022d42a1946b371a310e4df0e9, type: 3}
  m_Type: 0
  m_PreserveAspect: 0
  m_FillCenter: 1
  m_FillMethod: 4
  m_FillAmount: 1
  m_FillClockwise: 1
  m_FillOrigin: 0
  m_UseSpriteMesh: 0
  m_PixelsPerUnitMultiplier: 1
--- !u!222 &203182296
CanvasRenderer:
  m_ObjectHideFlags: 0
  m_CorrespondingSourceObject: {fileID: 0}
  m_PrefabInstance: {fileID: 0}
  m_PrefabAsset: {fileID: 0}
  m_GameObject: {fileID: 203182293}
  m_CullTransparentMesh: 1
--- !u!4 &215156185 stripped
Transform:
  m_CorrespondingSourceObject: {fileID: -2834137435390859983, guid: 014d624c84ad17945b006cb62d9c3b10, type: 3}
  m_PrefabInstance: {fileID: 2002355588}
  m_PrefabAsset: {fileID: 0}
--- !u!4 &240368420 stripped
Transform:
  m_CorrespondingSourceObject: {fileID: 3129867266196355806, guid: 014d624c84ad17945b006cb62d9c3b10, type: 3}
  m_PrefabInstance: {fileID: 2002355588}
  m_PrefabAsset: {fileID: 0}
--- !u!4 &246560674 stripped
Transform:
  m_CorrespondingSourceObject: {fileID: 400046, guid: 959d14bf134f54a6e993fe6ca6e063c0, type: 3}
  m_PrefabInstance: {fileID: 657391339}
  m_PrefabAsset: {fileID: 0}
--- !u!1 &254114295
GameObject:
  m_ObjectHideFlags: 0
  m_CorrespondingSourceObject: {fileID: 0}
  m_PrefabInstance: {fileID: 0}
  m_PrefabAsset: {fileID: 0}
  serializedVersion: 6
  m_Component:
  - component: {fileID: 254114296}
  m_Layer: 0
  m_Name: HeadTarget
  m_TagString: Untagged
  m_Icon: {fileID: 0}
  m_NavMeshLayer: 0
  m_StaticEditorFlags: 0
  m_IsActive: 1
--- !u!4 &254114296
Transform:
  m_ObjectHideFlags: 0
  m_CorrespondingSourceObject: {fileID: 0}
  m_PrefabInstance: {fileID: 0}
  m_PrefabAsset: {fileID: 0}
  m_GameObject: {fileID: 254114295}
  m_LocalRotation: {x: 0, y: 0, z: 0, w: 1}
  m_LocalPosition: {x: 1.35, y: 2.53, z: 0}
  m_LocalScale: {x: 1, y: 1, z: 1}
  m_Children: []
  m_Father: {fileID: 1839435393}
  m_RootOrder: 0
  m_LocalEulerAnglesHint: {x: 0, y: 0, z: 0}
--- !u!4 &267440648 stripped
Transform:
  m_CorrespondingSourceObject: {fileID: 217362444090914633, guid: 014d624c84ad17945b006cb62d9c3b10, type: 3}
  m_PrefabInstance: {fileID: 2002355588}
  m_PrefabAsset: {fileID: 0}
--- !u!4 &284126445 stripped
Transform:
  m_CorrespondingSourceObject: {fileID: 400062, guid: 959d14bf134f54a6e993fe6ca6e063c0, type: 3}
  m_PrefabInstance: {fileID: 657391339}
  m_PrefabAsset: {fileID: 0}
--- !u!4 &284745174 stripped
Transform:
  m_CorrespondingSourceObject: {fileID: -1078758560252129606, guid: 014d624c84ad17945b006cb62d9c3b10, type: 3}
  m_PrefabInstance: {fileID: 2002355588}
  m_PrefabAsset: {fileID: 0}
--- !u!4 &292846314 stripped
Transform:
  m_CorrespondingSourceObject: {fileID: 400032, guid: 959d14bf134f54a6e993fe6ca6e063c0, type: 3}
  m_PrefabInstance: {fileID: 657391339}
  m_PrefabAsset: {fileID: 0}
--- !u!4 &295913427 stripped
Transform:
  m_CorrespondingSourceObject: {fileID: 400098, guid: 959d14bf134f54a6e993fe6ca6e063c0, type: 3}
  m_PrefabInstance: {fileID: 657391339}
  m_PrefabAsset: {fileID: 0}
--- !u!1 &304194494
GameObject:
  m_ObjectHideFlags: 0
  m_CorrespondingSourceObject: {fileID: 0}
  m_PrefabInstance: {fileID: 0}
  m_PrefabAsset: {fileID: 0}
  serializedVersion: 6
  m_Component:
  - component: {fileID: 304194497}
  - component: {fileID: 304194496}
  - component: {fileID: 304194495}
  m_Layer: 0
  m_Name: EventSystem
  m_TagString: Untagged
  m_Icon: {fileID: 0}
  m_NavMeshLayer: 0
  m_StaticEditorFlags: 0
  m_IsActive: 1
--- !u!114 &304194495
MonoBehaviour:
  m_ObjectHideFlags: 0
  m_CorrespondingSourceObject: {fileID: 0}
  m_PrefabInstance: {fileID: 0}
  m_PrefabAsset: {fileID: 0}
  m_GameObject: {fileID: 304194494}
  m_Enabled: 1
  m_EditorHideFlags: 0
  m_Script: {fileID: 11500000, guid: 4f231c4fb786f3946a6b90b886c48677, type: 3}
  m_Name: 
  m_EditorClassIdentifier: 
  m_HorizontalAxis: Horizontal
  m_VerticalAxis: Vertical
  m_SubmitButton: Submit
  m_CancelButton: Cancel
  m_InputActionsPerSecond: 10
  m_RepeatDelay: 0.5
  m_ForceModuleActive: 0
--- !u!114 &304194496
MonoBehaviour:
  m_ObjectHideFlags: 0
  m_CorrespondingSourceObject: {fileID: 0}
  m_PrefabInstance: {fileID: 0}
  m_PrefabAsset: {fileID: 0}
  m_GameObject: {fileID: 304194494}
  m_Enabled: 1
  m_EditorHideFlags: 0
  m_Script: {fileID: 11500000, guid: 76c392e42b5098c458856cdf6ecaaaa1, type: 3}
  m_Name: 
  m_EditorClassIdentifier: 
  m_FirstSelected: {fileID: 0}
  m_sendNavigationEvents: 1
  m_DragThreshold: 10
--- !u!4 &304194497
Transform:
  m_ObjectHideFlags: 0
  m_CorrespondingSourceObject: {fileID: 0}
  m_PrefabInstance: {fileID: 0}
  m_PrefabAsset: {fileID: 0}
  m_GameObject: {fileID: 304194494}
  m_LocalRotation: {x: 0, y: 0, z: 0, w: 1}
  m_LocalPosition: {x: 0, y: 0, z: 0}
  m_LocalScale: {x: 1, y: 1, z: 1}
  m_Children: []
  m_Father: {fileID: 0}
  m_RootOrder: 2
  m_LocalEulerAnglesHint: {x: 0, y: 0, z: 0}
--- !u!4 &308589990 stripped
Transform:
  m_CorrespondingSourceObject: {fileID: 5781516549354035707, guid: 014d624c84ad17945b006cb62d9c3b10, type: 3}
  m_PrefabInstance: {fileID: 2002355588}
  m_PrefabAsset: {fileID: 0}
--- !u!4 &343384437 stripped
Transform:
  m_CorrespondingSourceObject: {fileID: -4542590316024576451, guid: 014d624c84ad17945b006cb62d9c3b10, type: 3}
  m_PrefabInstance: {fileID: 2002355588}
  m_PrefabAsset: {fileID: 0}
--- !u!1 &370835873
GameObject:
  m_ObjectHideFlags: 0
  m_CorrespondingSourceObject: {fileID: 0}
  m_PrefabInstance: {fileID: 0}
  m_PrefabAsset: {fileID: 0}
  serializedVersion: 6
  m_Component:
  - component: {fileID: 370835874}
  - component: {fileID: 370835877}
  - component: {fileID: 370835876}
  - component: {fileID: 370835875}
  m_Layer: 5
  m_Name: Canvas
  m_TagString: Untagged
  m_Icon: {fileID: 0}
  m_NavMeshLayer: 0
  m_StaticEditorFlags: 0
  m_IsActive: 1
--- !u!224 &370835874
RectTransform:
  m_ObjectHideFlags: 0
  m_CorrespondingSourceObject: {fileID: 0}
  m_PrefabInstance: {fileID: 0}
  m_PrefabAsset: {fileID: 0}
  m_GameObject: {fileID: 370835873}
  m_LocalRotation: {x: -0, y: -0, z: -0, w: 1}
  m_LocalPosition: {x: 0, y: 0, z: 0}
  m_LocalScale: {x: 1, y: 1, z: 1}
  m_Children:
  - {fileID: 1736379678}
  m_Father: {fileID: 1965579001}
  m_RootOrder: 0
  m_LocalEulerAnglesHint: {x: 0, y: 0, z: 0}
  m_AnchorMin: {x: 0, y: 0}
  m_AnchorMax: {x: 0, y: 0}
  m_AnchoredPosition: {x: 0, y: 0}
  m_SizeDelta: {x: 1, y: 1}
  m_Pivot: {x: 0.5, y: 0.5}
--- !u!114 &370835875
MonoBehaviour:
  m_ObjectHideFlags: 0
  m_CorrespondingSourceObject: {fileID: 0}
  m_PrefabInstance: {fileID: 0}
  m_PrefabAsset: {fileID: 0}
  m_GameObject: {fileID: 370835873}
  m_Enabled: 1
  m_EditorHideFlags: 0
  m_Script: {fileID: 11500000, guid: dc42784cf147c0c48a680349fa168899, type: 3}
  m_Name: 
  m_EditorClassIdentifier: 
  m_IgnoreReversedGraphics: 1
  m_BlockingObjects: 0
  m_BlockingMask:
    serializedVersion: 2
    m_Bits: 4294967295
--- !u!114 &370835876
MonoBehaviour:
  m_ObjectHideFlags: 0
  m_CorrespondingSourceObject: {fileID: 0}
  m_PrefabInstance: {fileID: 0}
  m_PrefabAsset: {fileID: 0}
  m_GameObject: {fileID: 370835873}
  m_Enabled: 1
  m_EditorHideFlags: 0
  m_Script: {fileID: 11500000, guid: 0cd44c1031e13a943bb63640046fad76, type: 3}
  m_Name: 
  m_EditorClassIdentifier: 
  m_UiScaleMode: 0
  m_ReferencePixelsPerUnit: 100
  m_ScaleFactor: 1
  m_ReferenceResolution: {x: 800, y: 600}
  m_ScreenMatchMode: 0
  m_MatchWidthOrHeight: 0
  m_PhysicalUnit: 3
  m_FallbackScreenDPI: 96
  m_DefaultSpriteDPI: 96
  m_DynamicPixelsPerUnit: 1
  m_PresetInfoIsWorld: 1
--- !u!223 &370835877
Canvas:
  m_ObjectHideFlags: 0
  m_CorrespondingSourceObject: {fileID: 0}
  m_PrefabInstance: {fileID: 0}
  m_PrefabAsset: {fileID: 0}
  m_GameObject: {fileID: 370835873}
  m_Enabled: 1
  serializedVersion: 3
  m_RenderMode: 2
  m_Camera: {fileID: 1065321662}
  m_PlaneDistance: 100
  m_PixelPerfect: 0
  m_ReceivesEvents: 1
  m_OverrideSorting: 0
  m_OverridePixelPerfect: 0
  m_SortingBucketNormalizedSize: 0
  m_AdditionalShaderChannelsFlag: 0
  m_SortingLayerID: 0
  m_SortingOrder: 0
  m_TargetDisplay: 0
--- !u!4 &382006059 stripped
Transform:
  m_CorrespondingSourceObject: {fileID: -3934989324307911065, guid: 014d624c84ad17945b006cb62d9c3b10, type: 3}
  m_PrefabInstance: {fileID: 2002355588}
  m_PrefabAsset: {fileID: 0}
--- !u!4 &427192943 stripped
Transform:
  m_CorrespondingSourceObject: {fileID: 400042, guid: 959d14bf134f54a6e993fe6ca6e063c0, type: 3}
  m_PrefabInstance: {fileID: 657391339}
  m_PrefabAsset: {fileID: 0}
--- !u!4 &431912193 stripped
Transform:
  m_CorrespondingSourceObject: {fileID: 400052, guid: 959d14bf134f54a6e993fe6ca6e063c0, type: 3}
  m_PrefabInstance: {fileID: 657391339}
  m_PrefabAsset: {fileID: 0}
--- !u!4 &451492513 stripped
Transform:
  m_CorrespondingSourceObject: {fileID: 400060, guid: 959d14bf134f54a6e993fe6ca6e063c0, type: 3}
  m_PrefabInstance: {fileID: 657391339}
  m_PrefabAsset: {fileID: 0}
--- !u!4 &486854583 stripped
Transform:
  m_CorrespondingSourceObject: {fileID: 400002, guid: 959d14bf134f54a6e993fe6ca6e063c0, type: 3}
  m_PrefabInstance: {fileID: 657391339}
  m_PrefabAsset: {fileID: 0}
--- !u!4 &499759590 stripped
Transform:
  m_CorrespondingSourceObject: {fileID: -3986051678484785629, guid: 014d624c84ad17945b006cb62d9c3b10, type: 3}
  m_PrefabInstance: {fileID: 2002355588}
  m_PrefabAsset: {fileID: 0}
--- !u!4 &511798623 stripped
Transform:
  m_CorrespondingSourceObject: {fileID: 6137840551888214937, guid: 014d624c84ad17945b006cb62d9c3b10, type: 3}
  m_PrefabInstance: {fileID: 2002355588}
  m_PrefabAsset: {fileID: 0}
--- !u!1 &521747517
GameObject:
  m_ObjectHideFlags: 0
  m_CorrespondingSourceObject: {fileID: 0}
  m_PrefabInstance: {fileID: 0}
  m_PrefabAsset: {fileID: 0}
  serializedVersion: 6
  m_Component:
  - component: {fileID: 521747518}
  m_Layer: 0
  m_Name: EffectorManager
  m_TagString: Untagged
  m_Icon: {fileID: 0}
  m_NavMeshLayer: 0
  m_StaticEditorFlags: 0
  m_IsActive: 1
--- !u!4 &521747518
Transform:
  m_ObjectHideFlags: 0
  m_CorrespondingSourceObject: {fileID: 0}
  m_PrefabInstance: {fileID: 0}
  m_PrefabAsset: {fileID: 0}
  m_GameObject: {fileID: 521747517}
  m_LocalRotation: {x: 0, y: 0, z: 0, w: 1}
  m_LocalPosition: {x: 0, y: 0, z: 0}
  m_LocalScale: {x: 1, y: 1, z: 1}
  m_Children: []
  m_Father: {fileID: 0}
  m_RootOrder: 5
  m_LocalEulerAnglesHint: {x: 0, y: 0, z: 0}
--- !u!4 &523792753 stripped
Transform:
  m_CorrespondingSourceObject: {fileID: -3436118426380644060, guid: 014d624c84ad17945b006cb62d9c3b10, type: 3}
  m_PrefabInstance: {fileID: 2002355588}
  m_PrefabAsset: {fileID: 0}
--- !u!4 &555486466 stripped
Transform:
  m_CorrespondingSourceObject: {fileID: 400008, guid: 959d14bf134f54a6e993fe6ca6e063c0, type: 3}
  m_PrefabInstance: {fileID: 657391339}
  m_PrefabAsset: {fileID: 0}
--- !u!4 &572277543 stripped
Transform:
  m_CorrespondingSourceObject: {fileID: -457371407210619152, guid: 014d624c84ad17945b006cb62d9c3b10, type: 3}
  m_PrefabInstance: {fileID: 2002355588}
  m_PrefabAsset: {fileID: 0}
--- !u!4 &573764790 stripped
Transform:
  m_CorrespondingSourceObject: {fileID: 5069024379682609896, guid: 014d624c84ad17945b006cb62d9c3b10, type: 3}
  m_PrefabInstance: {fileID: 2002355588}
  m_PrefabAsset: {fileID: 0}
--- !u!4 &583244210 stripped
Transform:
  m_CorrespondingSourceObject: {fileID: 400070, guid: 959d14bf134f54a6e993fe6ca6e063c0, type: 3}
  m_PrefabInstance: {fileID: 657391339}
  m_PrefabAsset: {fileID: 0}
--- !u!4 &584274998 stripped
Transform:
  m_CorrespondingSourceObject: {fileID: 400048, guid: 959d14bf134f54a6e993fe6ca6e063c0, type: 3}
  m_PrefabInstance: {fileID: 657391339}
  m_PrefabAsset: {fileID: 0}
--- !u!4 &644075074 stripped
Transform:
  m_CorrespondingSourceObject: {fileID: 1564967089014587475, guid: 014d624c84ad17945b006cb62d9c3b10, type: 3}
  m_PrefabInstance: {fileID: 2002355588}
  m_PrefabAsset: {fileID: 0}
--- !u!1001 &657391339
PrefabInstance:
  m_ObjectHideFlags: 0
  serializedVersion: 2
  m_Modification:
    m_TransformParent: {fileID: 0}
    m_Modifications:
    - target: {fileID: 100118, guid: 959d14bf134f54a6e993fe6ca6e063c0, type: 3}
      propertyPath: m_Name
      value: Dummy
      objectReference: {fileID: 0}
    - target: {fileID: 400118, guid: 959d14bf134f54a6e993fe6ca6e063c0, type: 3}
      propertyPath: m_RootOrder
      value: 4
      objectReference: {fileID: 0}
    - target: {fileID: 400118, guid: 959d14bf134f54a6e993fe6ca6e063c0, type: 3}
      propertyPath: m_LocalPosition.x
      value: 0
      objectReference: {fileID: 0}
    - target: {fileID: 400118, guid: 959d14bf134f54a6e993fe6ca6e063c0, type: 3}
      propertyPath: m_LocalPosition.y
      value: 0
      objectReference: {fileID: 0}
    - target: {fileID: 400118, guid: 959d14bf134f54a6e993fe6ca6e063c0, type: 3}
      propertyPath: m_LocalPosition.z
      value: 0
      objectReference: {fileID: 0}
    - target: {fileID: 400118, guid: 959d14bf134f54a6e993fe6ca6e063c0, type: 3}
      propertyPath: m_LocalRotation.w
      value: 0.7071068
      objectReference: {fileID: 0}
    - target: {fileID: 400118, guid: 959d14bf134f54a6e993fe6ca6e063c0, type: 3}
      propertyPath: m_LocalRotation.x
      value: 0
      objectReference: {fileID: 0}
    - target: {fileID: 400118, guid: 959d14bf134f54a6e993fe6ca6e063c0, type: 3}
      propertyPath: m_LocalRotation.y
      value: 0.7071068
      objectReference: {fileID: 0}
    - target: {fileID: 400118, guid: 959d14bf134f54a6e993fe6ca6e063c0, type: 3}
      propertyPath: m_LocalRotation.z
      value: 0
      objectReference: {fileID: 0}
    - target: {fileID: 400118, guid: 959d14bf134f54a6e993fe6ca6e063c0, type: 3}
      propertyPath: m_LocalEulerAnglesHint.x
      value: 0
      objectReference: {fileID: 0}
    - target: {fileID: 400118, guid: 959d14bf134f54a6e993fe6ca6e063c0, type: 3}
      propertyPath: m_LocalEulerAnglesHint.y
      value: 90
      objectReference: {fileID: 0}
    - target: {fileID: 400118, guid: 959d14bf134f54a6e993fe6ca6e063c0, type: 3}
      propertyPath: m_LocalEulerAnglesHint.z
      value: 0
      objectReference: {fileID: 0}
    - target: {fileID: 9500000, guid: 959d14bf134f54a6e993fe6ca6e063c0, type: 3}
      propertyPath: m_Avatar
      value: 
      objectReference: {fileID: 0}
    - target: {fileID: 9500000, guid: 959d14bf134f54a6e993fe6ca6e063c0, type: 3}
      propertyPath: m_Controller
      value: 
      objectReference: {fileID: 0}
    - target: {fileID: 9500000, guid: 959d14bf134f54a6e993fe6ca6e063c0, type: 3}
      propertyPath: m_ApplyRootMotion
      value: 0
      objectReference: {fileID: 0}
    m_RemovedComponents: []
  m_SourcePrefab: {fileID: 100100000, guid: 959d14bf134f54a6e993fe6ca6e063c0, type: 3}
--- !u!4 &659666740 stripped
Transform:
  m_CorrespondingSourceObject: {fileID: 400028, guid: 959d14bf134f54a6e993fe6ca6e063c0, type: 3}
  m_PrefabInstance: {fileID: 657391339}
  m_PrefabAsset: {fileID: 0}
--- !u!4 &685313354 stripped
Transform:
  m_CorrespondingSourceObject: {fileID: 400094, guid: 959d14bf134f54a6e993fe6ca6e063c0, type: 3}
  m_PrefabInstance: {fileID: 657391339}
  m_PrefabAsset: {fileID: 0}
--- !u!4 &685516394 stripped
Transform:
  m_CorrespondingSourceObject: {fileID: 6966868007353490592, guid: 014d624c84ad17945b006cb62d9c3b10, type: 3}
  m_PrefabInstance: {fileID: 2002355588}
  m_PrefabAsset: {fileID: 0}
--- !u!4 &686174615 stripped
Transform:
  m_CorrespondingSourceObject: {fileID: 400040, guid: 959d14bf134f54a6e993fe6ca6e063c0, type: 3}
  m_PrefabInstance: {fileID: 657391339}
  m_PrefabAsset: {fileID: 0}
--- !u!4 &710934904 stripped
Transform:
  m_CorrespondingSourceObject: {fileID: -7196787925477669444, guid: 014d624c84ad17945b006cb62d9c3b10, type: 3}
  m_PrefabInstance: {fileID: 2002355588}
  m_PrefabAsset: {fileID: 0}
--- !u!4 &711908425 stripped
Transform:
  m_CorrespondingSourceObject: {fileID: 400104, guid: 959d14bf134f54a6e993fe6ca6e063c0, type: 3}
  m_PrefabInstance: {fileID: 657391339}
  m_PrefabAsset: {fileID: 0}
--- !u!4 &712855718 stripped
Transform:
  m_CorrespondingSourceObject: {fileID: 400058, guid: 959d14bf134f54a6e993fe6ca6e063c0, type: 3}
  m_PrefabInstance: {fileID: 657391339}
  m_PrefabAsset: {fileID: 0}
--- !u!4 &721805305 stripped
Transform:
  m_CorrespondingSourceObject: {fileID: 4744892548748919842, guid: 014d624c84ad17945b006cb62d9c3b10, type: 3}
  m_PrefabInstance: {fileID: 2002355588}
  m_PrefabAsset: {fileID: 0}
--- !u!4 &740375155 stripped
Transform:
  m_CorrespondingSourceObject: {fileID: 400014, guid: 959d14bf134f54a6e993fe6ca6e063c0, type: 3}
  m_PrefabInstance: {fileID: 657391339}
  m_PrefabAsset: {fileID: 0}
--- !u!4 &784924598 stripped
Transform:
  m_CorrespondingSourceObject: {fileID: 400050, guid: 959d14bf134f54a6e993fe6ca6e063c0, type: 3}
  m_PrefabInstance: {fileID: 657391339}
  m_PrefabAsset: {fileID: 0}
--- !u!4 &797058600 stripped
Transform:
  m_CorrespondingSourceObject: {fileID: -7401397496843605887, guid: 014d624c84ad17945b006cb62d9c3b10, type: 3}
  m_PrefabInstance: {fileID: 2002355588}
  m_PrefabAsset: {fileID: 0}
--- !u!4 &806565766 stripped
Transform:
  m_CorrespondingSourceObject: {fileID: 1481081095835631982, guid: 014d624c84ad17945b006cb62d9c3b10, type: 3}
  m_PrefabInstance: {fileID: 2002355588}
  m_PrefabAsset: {fileID: 0}
--- !u!4 &822849757 stripped
Transform:
  m_CorrespondingSourceObject: {fileID: 1298219135262923203, guid: 014d624c84ad17945b006cb62d9c3b10, type: 3}
  m_PrefabInstance: {fileID: 2002355588}
  m_PrefabAsset: {fileID: 0}
--- !u!4 &842711241 stripped
Transform:
  m_CorrespondingSourceObject: {fileID: 506717764123923106, guid: 014d624c84ad17945b006cb62d9c3b10, type: 3}
  m_PrefabInstance: {fileID: 2002355588}
  m_PrefabAsset: {fileID: 0}
--- !u!4 &875957972 stripped
Transform:
  m_CorrespondingSourceObject: {fileID: -2409651164566658339, guid: 014d624c84ad17945b006cb62d9c3b10, type: 3}
  m_PrefabInstance: {fileID: 2002355588}
  m_PrefabAsset: {fileID: 0}
--- !u!1 &877671368
GameObject:
  m_ObjectHideFlags: 0
  m_CorrespondingSourceObject: {fileID: 0}
  m_PrefabInstance: {fileID: 0}
  m_PrefabAsset: {fileID: 0}
  serializedVersion: 6
  m_Component:
  - component: {fileID: 877671370}
  - component: {fileID: 877671369}
  m_Layer: 0
  m_Name: Directional Light
  m_TagString: Untagged
  m_Icon: {fileID: 0}
  m_NavMeshLayer: 0
  m_StaticEditorFlags: 0
  m_IsActive: 1
--- !u!108 &877671369
Light:
  m_ObjectHideFlags: 0
  m_CorrespondingSourceObject: {fileID: 0}
  m_PrefabInstance: {fileID: 0}
  m_PrefabAsset: {fileID: 0}
  m_GameObject: {fileID: 877671368}
  m_Enabled: 1
  serializedVersion: 10
  m_Type: 1
  m_Shape: 0
  m_Color: {r: 1, g: 0.95686275, b: 0.8392157, a: 1}
  m_Intensity: 1
  m_Range: 10
  m_SpotAngle: 30
  m_InnerSpotAngle: 21.80208
  m_CookieSize: 10
  m_Shadows:
    m_Type: 2
    m_Resolution: -1
    m_CustomResolution: -1
    m_Strength: 1
    m_Bias: 0.05
    m_NormalBias: 0.4
    m_NearPlane: 0.2
    m_CullingMatrixOverride:
      e00: 1
      e01: 0
      e02: 0
      e03: 0
      e10: 0
      e11: 1
      e12: 0
      e13: 0
      e20: 0
      e21: 0
      e22: 1
      e23: 0
      e30: 0
      e31: 0
      e32: 0
      e33: 1
    m_UseCullingMatrixOverride: 0
  m_Cookie: {fileID: 0}
  m_DrawHalo: 0
  m_Flare: {fileID: 0}
  m_RenderMode: 0
  m_CullingMask:
    serializedVersion: 2
    m_Bits: 4294967295
  m_RenderingLayerMask: 1
  m_Lightmapping: 4
  m_LightShadowCasterMode: 0
  m_AreaSize: {x: 1, y: 1}
  m_BounceIntensity: 1
  m_ColorTemperature: 6570
  m_UseColorTemperature: 0
  m_BoundingSphereOverride: {x: 0, y: 0, z: 0, w: 0}
  m_UseBoundingSphereOverride: 0
  m_UseViewFrustumForShadowCasterCull: 1
  m_ShadowRadius: 0
  m_ShadowAngle: 0
--- !u!4 &877671370
Transform:
  m_ObjectHideFlags: 0
  m_CorrespondingSourceObject: {fileID: 0}
  m_PrefabInstance: {fileID: 0}
  m_PrefabAsset: {fileID: 0}
  m_GameObject: {fileID: 877671368}
  m_LocalRotation: {x: 0.9396927, y: 0, z: 0, w: 0.34202018}
  m_LocalPosition: {x: -0.01, y: 2.047, z: 0.772}
  m_LocalScale: {x: 1, y: 1, z: 1}
  m_Children: []
  m_Father: {fileID: 0}
  m_RootOrder: 1
  m_LocalEulerAnglesHint: {x: 140, y: 0, z: 0}
--- !u!4 &880187575 stripped
Transform:
  m_CorrespondingSourceObject: {fileID: 400020, guid: 959d14bf134f54a6e993fe6ca6e063c0, type: 3}
  m_PrefabInstance: {fileID: 657391339}
  m_PrefabAsset: {fileID: 0}
--- !u!4 &906854894 stripped
Transform:
  m_CorrespondingSourceObject: {fileID: 400096, guid: 959d14bf134f54a6e993fe6ca6e063c0, type: 3}
  m_PrefabInstance: {fileID: 657391339}
  m_PrefabAsset: {fileID: 0}
--- !u!4 &921391311 stripped
Transform:
  m_CorrespondingSourceObject: {fileID: -3478204928309119527, guid: 014d624c84ad17945b006cb62d9c3b10, type: 3}
  m_PrefabInstance: {fileID: 2002355588}
  m_PrefabAsset: {fileID: 0}
--- !u!4 &930898310 stripped
Transform:
  m_CorrespondingSourceObject: {fileID: -1153736229902708842, guid: 014d624c84ad17945b006cb62d9c3b10, type: 3}
  m_PrefabInstance: {fileID: 2002355588}
  m_PrefabAsset: {fileID: 0}
--- !u!4 &936096583 stripped
Transform:
  m_CorrespondingSourceObject: {fileID: 323650736630283730, guid: 014d624c84ad17945b006cb62d9c3b10, type: 3}
  m_PrefabInstance: {fileID: 2002355588}
  m_PrefabAsset: {fileID: 0}
--- !u!4 &937567775 stripped
Transform:
  m_CorrespondingSourceObject: {fileID: 400038, guid: 959d14bf134f54a6e993fe6ca6e063c0, type: 3}
  m_PrefabInstance: {fileID: 657391339}
  m_PrefabAsset: {fileID: 0}
--- !u!4 &939995752 stripped
Transform:
  m_CorrespondingSourceObject: {fileID: 400090, guid: 959d14bf134f54a6e993fe6ca6e063c0, type: 3}
  m_PrefabInstance: {fileID: 657391339}
  m_PrefabAsset: {fileID: 0}
--- !u!1 &950379279
GameObject:
  m_ObjectHideFlags: 0
  m_CorrespondingSourceObject: {fileID: 0}
  m_PrefabInstance: {fileID: 0}
  m_PrefabAsset: {fileID: 0}
  serializedVersion: 6
  m_Component:
  - component: {fileID: 950379280}
  - component: {fileID: 950379283}
  - component: {fileID: 950379282}
  - component: {fileID: 950379281}
  m_Layer: 5
  m_Name: Canvas
  m_TagString: Untagged
  m_Icon: {fileID: 0}
  m_NavMeshLayer: 0
  m_StaticEditorFlags: 0
  m_IsActive: 1
--- !u!224 &950379280
RectTransform:
  m_ObjectHideFlags: 0
  m_CorrespondingSourceObject: {fileID: 0}
  m_PrefabInstance: {fileID: 0}
  m_PrefabAsset: {fileID: 0}
  m_GameObject: {fileID: 950379279}
  m_LocalRotation: {x: -0.000000285294, y: 0.0000006693868, z: 0.009757143, w: -0.9999524}
  m_LocalPosition: {x: 0, y: 0, z: 0.37}
  m_LocalScale: {x: 1, y: 1, z: 1}
  m_Children:
  - {fileID: 1697113988}
  m_Father: {fileID: 1012784830}
  m_RootOrder: 1
  m_LocalEulerAnglesHint: {x: 0, y: 0, z: 0}
  m_AnchorMin: {x: 0, y: 0}
  m_AnchorMax: {x: 0, y: 0}
  m_AnchoredPosition: {x: 0, y: 0}
  m_SizeDelta: {x: 1, y: 1}
  m_Pivot: {x: 0.5, y: 0.5}
--- !u!114 &950379281
MonoBehaviour:
  m_ObjectHideFlags: 0
  m_CorrespondingSourceObject: {fileID: 0}
  m_PrefabInstance: {fileID: 0}
  m_PrefabAsset: {fileID: 0}
  m_GameObject: {fileID: 950379279}
  m_Enabled: 1
  m_EditorHideFlags: 0
  m_Script: {fileID: 11500000, guid: dc42784cf147c0c48a680349fa168899, type: 3}
  m_Name: 
  m_EditorClassIdentifier: 
  m_IgnoreReversedGraphics: 1
  m_BlockingObjects: 0
  m_BlockingMask:
    serializedVersion: 2
    m_Bits: 4294967295
--- !u!114 &950379282
MonoBehaviour:
  m_ObjectHideFlags: 0
  m_CorrespondingSourceObject: {fileID: 0}
  m_PrefabInstance: {fileID: 0}
  m_PrefabAsset: {fileID: 0}
  m_GameObject: {fileID: 950379279}
  m_Enabled: 1
  m_EditorHideFlags: 0
  m_Script: {fileID: 11500000, guid: 0cd44c1031e13a943bb63640046fad76, type: 3}
  m_Name: 
  m_EditorClassIdentifier: 
  m_UiScaleMode: 0
  m_ReferencePixelsPerUnit: 100
  m_ScaleFactor: 1
  m_ReferenceResolution: {x: 800, y: 600}
  m_ScreenMatchMode: 0
  m_MatchWidthOrHeight: 0
  m_PhysicalUnit: 3
  m_FallbackScreenDPI: 96
  m_DefaultSpriteDPI: 96
  m_DynamicPixelsPerUnit: 1
  m_PresetInfoIsWorld: 1
--- !u!223 &950379283
Canvas:
  m_ObjectHideFlags: 0
  m_CorrespondingSourceObject: {fileID: 0}
  m_PrefabInstance: {fileID: 0}
  m_PrefabAsset: {fileID: 0}
  m_GameObject: {fileID: 950379279}
  m_Enabled: 1
  serializedVersion: 3
  m_RenderMode: 2
  m_Camera: {fileID: 1065321662}
  m_PlaneDistance: 100
  m_PixelPerfect: 0
  m_ReceivesEvents: 1
  m_OverrideSorting: 0
  m_OverridePixelPerfect: 0
  m_SortingBucketNormalizedSize: 0
  m_AdditionalShaderChannelsFlag: 0
  m_SortingLayerID: 0
  m_SortingOrder: 0
  m_TargetDisplay: 0
--- !u!4 &961039133 stripped
Transform:
  m_CorrespondingSourceObject: {fileID: 400088, guid: 959d14bf134f54a6e993fe6ca6e063c0, type: 3}
  m_PrefabInstance: {fileID: 657391339}
  m_PrefabAsset: {fileID: 0}
--- !u!1 &985191740
GameObject:
  m_ObjectHideFlags: 0
  m_CorrespondingSourceObject: {fileID: 0}
  m_PrefabInstance: {fileID: 0}
  m_PrefabAsset: {fileID: 0}
  serializedVersion: 6
  m_Component:
  - component: {fileID: 985191742}
  - component: {fileID: 985191741}
  m_Layer: 0
  m_Name: LeftArmRig
  m_TagString: Untagged
  m_Icon: {fileID: 0}
  m_NavMeshLayer: 0
  m_StaticEditorFlags: 0
  m_IsActive: 1
--- !u!114 &985191741
MonoBehaviour:
  m_ObjectHideFlags: 0
  m_CorrespondingSourceObject: {fileID: 0}
  m_PrefabInstance: {fileID: 0}
  m_PrefabAsset: {fileID: 0}
  m_GameObject: {fileID: 985191740}
  m_Enabled: 1
  m_EditorHideFlags: 0
  m_Script: {fileID: 11500000, guid: 70b342d8ce5c2fd48b8fa3147d48d1d1, type: 3}
  m_Name: 
  m_EditorClassIdentifier: 
  m_Weight: 1
  m_Effectors:
  - m_Transform: {fileID: 1965579001}
    m_Style:
      shape: {fileID: 4300000, guid: 687b70eb9c49243639f9379f6965034f, type: 2}
      color: {r: 1, g: 0, b: 0, a: 0.5}
      size: 0.1
      position: {x: 0, y: 0, z: 0}
      rotation: {x: 0, y: 0, z: 0}
    m_Visible: 1
--- !u!4 &985191742
Transform:
  m_ObjectHideFlags: 0
  m_CorrespondingSourceObject: {fileID: 0}
  m_PrefabInstance: {fileID: 0}
  m_PrefabAsset: {fileID: 0}
  m_GameObject: {fileID: 985191740}
  m_LocalRotation: {x: -0, y: -0.7071068, z: -0, w: 0.7071068}
  m_LocalPosition: {x: 0, y: 0, z: 0}
  m_LocalScale: {x: 0.99999976, y: 1, z: 0.99999976}
  m_Children:
  - {fileID: 1660750039}
  m_Father: {fileID: 1694719940}
  m_RootOrder: 3
  m_LocalEulerAnglesHint: {x: 0, y: 0, z: 0}
--- !u!4 &1012784830 stripped
Transform:
  m_CorrespondingSourceObject: {fileID: 400054, guid: 959d14bf134f54a6e993fe6ca6e063c0, type: 3}
  m_PrefabInstance: {fileID: 657391339}
  m_PrefabAsset: {fileID: 0}
--- !u!1 &1065321660
GameObject:
  m_ObjectHideFlags: 0
  m_CorrespondingSourceObject: {fileID: 0}
  m_PrefabInstance: {fileID: 0}
  m_PrefabAsset: {fileID: 0}
  serializedVersion: 6
  m_Component:
  - component: {fileID: 1065321663}
  - component: {fileID: 1065321662}
  - component: {fileID: 1065321661}
  - component: {fileID: 1065321664}
  m_Layer: 0
  m_Name: Main Camera
  m_TagString: MainCamera
  m_Icon: {fileID: 0}
  m_NavMeshLayer: 0
  m_StaticEditorFlags: 0
  m_IsActive: 1
--- !u!81 &1065321661
AudioListener:
  m_ObjectHideFlags: 0
  m_CorrespondingSourceObject: {fileID: 0}
  m_PrefabInstance: {fileID: 0}
  m_PrefabAsset: {fileID: 0}
  m_GameObject: {fileID: 1065321660}
  m_Enabled: 1
--- !u!20 &1065321662
Camera:
  m_ObjectHideFlags: 0
  m_CorrespondingSourceObject: {fileID: 0}
  m_PrefabInstance: {fileID: 0}
  m_PrefabAsset: {fileID: 0}
  m_GameObject: {fileID: 1065321660}
  m_Enabled: 1
  serializedVersion: 2
  m_ClearFlags: 2
  m_BackGroundColor: {r: 1, g: 1, b: 1, a: 0}
  m_projectionMatrixMode: 1
  m_GateFitMode: 2
  m_FOVAxisMode: 0
  m_SensorSize: {x: 36, y: 24}
  m_LensShift: {x: 0, y: 0}
  m_FocalLength: 50
  m_NormalizedViewPortRect:
    serializedVersion: 2
    x: 0
    y: 0
    width: 1
    height: 1
  near clip plane: 0.3
  far clip plane: 1000
  field of view: 60
  orthographic: 0
  orthographic size: 5
  m_Depth: -1
  m_CullingMask:
    serializedVersion: 2
    m_Bits: 4294967295
  m_RenderingPath: -1
  m_TargetTexture: {fileID: 0}
  m_TargetDisplay: 0
  m_TargetEye: 3
  m_HDR: 1
  m_AllowMSAA: 1
  m_AllowDynamicResolution: 0
  m_ForceIntoRT: 0
  m_OcclusionCulling: 1
  m_StereoConvergence: 10
  m_StereoSeparation: 0.022
--- !u!4 &1065321663
Transform:
  m_ObjectHideFlags: 0
  m_CorrespondingSourceObject: {fileID: 0}
  m_PrefabInstance: {fileID: 0}
  m_PrefabAsset: {fileID: 0}
  m_GameObject: {fileID: 1065321660}
  m_LocalRotation: {x: 0.000389964, y: 0.99668473, z: -0.08121921, w: 0.0047858073}
  m_LocalPosition: {x: -0.05, y: 1.85, z: 4}
  m_LocalScale: {x: 1, y: 1, z: 1}
  m_Children: []
  m_Father: {fileID: 0}
  m_RootOrder: 0
  m_LocalEulerAnglesHint: {x: 0, y: 0, z: 0}
--- !u!114 &1065321664
MonoBehaviour:
  m_ObjectHideFlags: 0
  m_CorrespondingSourceObject: {fileID: 0}
  m_PrefabInstance: {fileID: 0}
  m_PrefabAsset: {fileID: 0}
  m_GameObject: {fileID: 1065321660}
  m_Enabled: 1
  m_EditorHideFlags: 0
  m_Script: {fileID: 11500000, guid: a79441f348de89743a2939f4d699eac1, type: 3}
  m_Name: 
  m_EditorClassIdentifier: 
  m_RenderShadows: 1
  m_RequiresDepthTextureOption: 2
  m_RequiresOpaqueTextureOption: 2
  m_CameraType: 0
  m_Cameras: []
  m_RendererIndex: -1
  m_VolumeLayerMask:
    serializedVersion: 2
    m_Bits: 1
  m_VolumeTrigger: {fileID: 0}
  m_RenderPostProcessing: 0
  m_Antialiasing: 0
  m_AntialiasingQuality: 2
  m_StopNaN: 0
  m_Dithering: 0
  m_ClearDepth: 1
  m_AllowXRRendering: 1
  m_RequiresDepthTexture: 0
  m_RequiresColorTexture: 0
  m_Version: 2
--- !u!4 &1070372931 stripped
Transform:
  m_CorrespondingSourceObject: {fileID: -5241082291492999395, guid: 014d624c84ad17945b006cb62d9c3b10, type: 3}
  m_PrefabInstance: {fileID: 2002355588}
  m_PrefabAsset: {fileID: 0}
--- !u!4 &1092016060 stripped
Transform:
  m_CorrespondingSourceObject: {fileID: 400112, guid: 959d14bf134f54a6e993fe6ca6e063c0, type: 3}
  m_PrefabInstance: {fileID: 657391339}
  m_PrefabAsset: {fileID: 0}
--- !u!4 &1095528158 stripped
Transform:
  m_CorrespondingSourceObject: {fileID: 475535294537525121, guid: 014d624c84ad17945b006cb62d9c3b10, type: 3}
  m_PrefabInstance: {fileID: 2002355588}
  m_PrefabAsset: {fileID: 0}
--- !u!4 &1126793052 stripped
Transform:
  m_CorrespondingSourceObject: {fileID: 7222036253432476672, guid: 014d624c84ad17945b006cb62d9c3b10, type: 3}
  m_PrefabInstance: {fileID: 2002355588}
  m_PrefabAsset: {fileID: 0}
--- !u!4 &1133719389 stripped
Transform:
  m_CorrespondingSourceObject: {fileID: -8215217846834182627, guid: 014d624c84ad17945b006cb62d9c3b10, type: 3}
  m_PrefabInstance: {fileID: 2002355588}
  m_PrefabAsset: {fileID: 0}
--- !u!4 &1146930283 stripped
Transform:
  m_CorrespondingSourceObject: {fileID: 400078, guid: 959d14bf134f54a6e993fe6ca6e063c0, type: 3}
  m_PrefabInstance: {fileID: 657391339}
  m_PrefabAsset: {fileID: 0}
--- !u!4 &1161095913 stripped
Transform:
  m_CorrespondingSourceObject: {fileID: -985563950371248812, guid: 014d624c84ad17945b006cb62d9c3b10, type: 3}
  m_PrefabInstance: {fileID: 2002355588}
  m_PrefabAsset: {fileID: 0}
--- !u!4 &1207359158 stripped
Transform:
  m_CorrespondingSourceObject: {fileID: -7485685980276716864, guid: 014d624c84ad17945b006cb62d9c3b10, type: 3}
  m_PrefabInstance: {fileID: 2002355588}
  m_PrefabAsset: {fileID: 0}
--- !u!4 &1214047101 stripped
Transform:
  m_CorrespondingSourceObject: {fileID: 400036, guid: 959d14bf134f54a6e993fe6ca6e063c0, type: 3}
  m_PrefabInstance: {fileID: 657391339}
  m_PrefabAsset: {fileID: 0}
--- !u!4 &1286104289 stripped
Transform:
  m_CorrespondingSourceObject: {fileID: 400066, guid: 959d14bf134f54a6e993fe6ca6e063c0, type: 3}
  m_PrefabInstance: {fileID: 657391339}
  m_PrefabAsset: {fileID: 0}
--- !u!4 &1301665045 stripped
Transform:
  m_CorrespondingSourceObject: {fileID: 400086, guid: 959d14bf134f54a6e993fe6ca6e063c0, type: 3}
  m_PrefabInstance: {fileID: 657391339}
  m_PrefabAsset: {fileID: 0}
--- !u!4 &1327138556 stripped
Transform:
  m_CorrespondingSourceObject: {fileID: -1609743622325405786, guid: 014d624c84ad17945b006cb62d9c3b10, type: 3}
  m_PrefabInstance: {fileID: 2002355588}
  m_PrefabAsset: {fileID: 0}
--- !u!4 &1363027357 stripped
Transform:
  m_CorrespondingSourceObject: {fileID: 7726866055645747997, guid: 014d624c84ad17945b006cb62d9c3b10, type: 3}
  m_PrefabInstance: {fileID: 2002355588}
  m_PrefabAsset: {fileID: 0}
--- !u!1 &1383171199
GameObject:
  m_ObjectHideFlags: 0
  m_CorrespondingSourceObject: {fileID: 0}
  m_PrefabInstance: {fileID: 0}
  m_PrefabAsset: {fileID: 0}
  serializedVersion: 6
  m_Component:
  - component: {fileID: 1383171200}
  - component: {fileID: 1383171202}
  - component: {fileID: 1383171201}
  m_Layer: 0
  m_Name: Target
  m_TagString: Untagged
  m_Icon: {fileID: 0}
  m_NavMeshLayer: 0
  m_StaticEditorFlags: 0
  m_IsActive: 1
--- !u!4 &1383171200
Transform:
  m_ObjectHideFlags: 0
  m_CorrespondingSourceObject: {fileID: 0}
  m_PrefabInstance: {fileID: 0}
  m_PrefabAsset: {fileID: 0}
  m_GameObject: {fileID: 1383171199}
  m_LocalRotation: {x: 0, y: 0, z: -0.7071068, w: 0.7071068}
  m_LocalPosition: {x: 0.026152724, y: 1.5410333, z: 0.0000009573996}
  m_LocalScale: {x: 1, y: 1, z: 1}
  m_Children: []
  m_Father: {fileID: 1861061124}
  m_RootOrder: 0
  m_LocalEulerAnglesHint: {x: 0, y: 0, z: -90}
--- !u!114 &1383171201
MonoBehaviour:
  m_ObjectHideFlags: 0
  m_CorrespondingSourceObject: {fileID: 0}
  m_PrefabInstance: {fileID: 0}
  m_PrefabAsset: {fileID: 0}
  m_GameObject: {fileID: 1383171199}
  m_Enabled: 1
  m_EditorHideFlags: 0
  m_Script: {fileID: 11500000, guid: 4109e9bb07c52a048bcd0d0dd270c708, type: 3}
  m_Name: 
  m_EditorClassIdentifier: 
  effectorTranform: {fileID: 0}
  sprite: {fileID: 1697113989}
  m_initalPosition: {fileID: 1983616507}
  clampDistance: 1
--- !u!135 &1383171202
SphereCollider:
  m_ObjectHideFlags: 0
  m_CorrespondingSourceObject: {fileID: 0}
  m_PrefabInstance: {fileID: 0}
  m_PrefabAsset: {fileID: 0}
  m_GameObject: {fileID: 1383171199}
  m_Material: {fileID: 0}
  m_IsTrigger: 0
  m_Enabled: 1
  serializedVersion: 2
  m_Radius: 0.2
  m_Center: {x: 0, y: 0, z: 0}
--- !u!1 &1389874721
GameObject:
  m_ObjectHideFlags: 0
  m_CorrespondingSourceObject: {fileID: 0}
  m_PrefabInstance: {fileID: 0}
  m_PrefabAsset: {fileID: 0}
  serializedVersion: 6
  m_Component:
  - component: {fileID: 1389874722}
  - component: {fileID: 1389874723}
  m_Layer: 0
  m_Name: NeckAim
  m_TagString: Untagged
  m_Icon: {fileID: 0}
  m_NavMeshLayer: 0
  m_StaticEditorFlags: 0
  m_IsActive: 0
--- !u!4 &1389874722
Transform:
  m_ObjectHideFlags: 0
  m_CorrespondingSourceObject: {fileID: 0}
  m_PrefabInstance: {fileID: 0}
  m_PrefabAsset: {fileID: 0}
  m_GameObject: {fileID: 1389874721}
  m_LocalRotation: {x: 0, y: 0, z: 0, w: 1}
  m_LocalPosition: {x: 0, y: 0, z: 0}
  m_LocalScale: {x: 1, y: 1, z: 1}
  m_Children: []
  m_Father: {fileID: 1737475937}
  m_RootOrder: 1
  m_LocalEulerAnglesHint: {x: 0, y: 0, z: 0}
--- !u!114 &1389874723
MonoBehaviour:
  m_ObjectHideFlags: 0
  m_CorrespondingSourceObject: {fileID: 0}
  m_PrefabInstance: {fileID: 0}
  m_PrefabAsset: {fileID: 0}
  m_GameObject: {fileID: 1389874721}
  m_Enabled: 1
  m_EditorHideFlags: 0
  m_Script: {fileID: 11500000, guid: e3c430f382484144e925c097c2d33cfe, type: 3}
  m_Name: 
  m_EditorClassIdentifier: 
  m_Weight: 0.45
  m_Data:
    m_ConstrainedObject: {fileID: 1983616507}
    m_SourceObjects:
      m_Length: 1
      m_Item0:
        transform: {fileID: 1498853527}
        weight: 1
      m_Item1:
        transform: {fileID: 0}
        weight: 0
      m_Item2:
        transform: {fileID: 0}
        weight: 0
      m_Item3:
        transform: {fileID: 0}
        weight: 0
      m_Item4:
        transform: {fileID: 0}
        weight: 0
      m_Item5:
        transform: {fileID: 0}
        weight: 0
      m_Item6:
        transform: {fileID: 0}
        weight: 0
      m_Item7:
        transform: {fileID: 0}
        weight: 0
    m_Offset: {x: 0, y: 0, z: 0}
    m_MinLimit: -100
    m_MaxLimit: 100
    m_AimAxis: 2
    m_UpAxis: 2
    m_WorldUpType: 0
    m_WorldUpObject: {fileID: 0}
    m_WorldUpAxis: 2
    m_MaintainOffset: 0
    m_ConstrainedAxes:
      x: 1
      y: 1
      z: 1
  m_SourceObjectsGUIToggle: 1
  m_SettingsGUIToggle: 1
--- !u!4 &1446992043 stripped
Transform:
  m_CorrespondingSourceObject: {fileID: 8546534809441012801, guid: 014d624c84ad17945b006cb62d9c3b10, type: 3}
  m_PrefabInstance: {fileID: 2002355588}
  m_PrefabAsset: {fileID: 0}
--- !u!4 &1447820149 stripped
Transform:
  m_CorrespondingSourceObject: {fileID: -8358673644906276108, guid: 014d624c84ad17945b006cb62d9c3b10, type: 3}
  m_PrefabInstance: {fileID: 2002355588}
  m_PrefabAsset: {fileID: 0}
--- !u!4 &1490597563 stripped
Transform:
  m_CorrespondingSourceObject: {fileID: -1950362218012619841, guid: 014d624c84ad17945b006cb62d9c3b10, type: 3}
  m_PrefabInstance: {fileID: 2002355588}
  m_PrefabAsset: {fileID: 0}
--- !u!1 &1498853526
GameObject:
  m_ObjectHideFlags: 0
  m_CorrespondingSourceObject: {fileID: 0}
  m_PrefabInstance: {fileID: 0}
  m_PrefabAsset: {fileID: 0}
  serializedVersion: 6
  m_Component:
  - component: {fileID: 1498853527}
  - component: {fileID: 1498853528}
  - component: {fileID: 1498853529}
  m_Layer: 8
  m_Name: HeadTarget
  m_TagString: Head
  m_Icon: {fileID: 0}
  m_NavMeshLayer: 0
  m_StaticEditorFlags: 0
  m_IsActive: 0
--- !u!4 &1498853527
Transform:
  m_ObjectHideFlags: 0
  m_CorrespondingSourceObject: {fileID: 0}
  m_PrefabInstance: {fileID: 0}
  m_PrefabAsset: {fileID: 0}
  m_GameObject: {fileID: 1498853526}
  m_LocalRotation: {x: 0, y: 0, z: 0, w: 1}
  m_LocalPosition: {x: 0.026152724, y: 1.5410333, z: 0.0000009573996}
  m_LocalScale: {x: 1, y: 1, z: 1}
  m_Children:
  - {fileID: 1615570652}
  m_Father: {fileID: 1737475937}
  m_RootOrder: 0
  m_LocalEulerAnglesHint: {x: 0, y: 0, z: 0}
--- !u!114 &1498853528
MonoBehaviour:
  m_ObjectHideFlags: 0
  m_CorrespondingSourceObject: {fileID: 0}
  m_PrefabInstance: {fileID: 0}
  m_PrefabAsset: {fileID: 0}
  m_GameObject: {fileID: 1498853526}
  m_Enabled: 1
  m_EditorHideFlags: 0
  m_Script: {fileID: 11500000, guid: 4109e9bb07c52a048bcd0d0dd270c708, type: 3}
  m_Name: 
  m_EditorClassIdentifier: 
  effectorTranform: {fileID: 0}
  sprite: {fileID: 203182295}
  m_initalPosition: {fileID: 28397355}
  clampDistance: 1
--- !u!135 &1498853529
SphereCollider:
  m_ObjectHideFlags: 0
  m_CorrespondingSourceObject: {fileID: 0}
  m_PrefabInstance: {fileID: 0}
  m_PrefabAsset: {fileID: 0}
  m_GameObject: {fileID: 1498853526}
  m_Material: {fileID: 0}
  m_IsTrigger: 0
  m_Enabled: 1
  serializedVersion: 2
  m_Radius: 0.2
  m_Center: {x: 0, y: 0, z: 0}
--- !u!4 &1561551076 stripped
Transform:
  m_CorrespondingSourceObject: {fileID: 8052924225946976808, guid: 014d624c84ad17945b006cb62d9c3b10, type: 3}
  m_PrefabInstance: {fileID: 2002355588}
  m_PrefabAsset: {fileID: 0}
--- !u!4 &1567317235 stripped
Transform:
  m_CorrespondingSourceObject: {fileID: 400114, guid: 959d14bf134f54a6e993fe6ca6e063c0, type: 3}
  m_PrefabInstance: {fileID: 657391339}
  m_PrefabAsset: {fileID: 0}
--- !u!4 &1569446843 stripped
Transform:
  m_CorrespondingSourceObject: {fileID: 400082, guid: 959d14bf134f54a6e993fe6ca6e063c0, type: 3}
  m_PrefabInstance: {fileID: 657391339}
  m_PrefabAsset: {fileID: 0}
--- !u!4 &1572153744 stripped
Transform:
  m_CorrespondingSourceObject: {fileID: 400080, guid: 959d14bf134f54a6e993fe6ca6e063c0, type: 3}
  m_PrefabInstance: {fileID: 657391339}
  m_PrefabAsset: {fileID: 0}
--- !u!4 &1573307899 stripped
Transform:
  m_CorrespondingSourceObject: {fileID: 4456298939499060856, guid: 014d624c84ad17945b006cb62d9c3b10, type: 3}
  m_PrefabInstance: {fileID: 2002355588}
  m_PrefabAsset: {fileID: 0}
--- !u!4 &1607426526 stripped
Transform:
  m_CorrespondingSourceObject: {fileID: -7129418598644582595, guid: 014d624c84ad17945b006cb62d9c3b10, type: 3}
  m_PrefabInstance: {fileID: 2002355588}
  m_PrefabAsset: {fileID: 0}
--- !u!1 &1615570651
GameObject:
  m_ObjectHideFlags: 0
  m_CorrespondingSourceObject: {fileID: 0}
  m_PrefabInstance: {fileID: 0}
  m_PrefabAsset: {fileID: 0}
  serializedVersion: 6
  m_Component:
  - component: {fileID: 1615570652}
  - component: {fileID: 1615570655}
  - component: {fileID: 1615570654}
  - component: {fileID: 1615570653}
  m_Layer: 5
  m_Name: Canvas
  m_TagString: Untagged
  m_Icon: {fileID: 0}
  m_NavMeshLayer: 0
  m_StaticEditorFlags: 0
  m_IsActive: 1
--- !u!224 &1615570652
RectTransform:
  m_ObjectHideFlags: 0
  m_CorrespondingSourceObject: {fileID: 0}
  m_PrefabInstance: {fileID: 0}
  m_PrefabAsset: {fileID: 0}
  m_GameObject: {fileID: 1615570651}
  m_LocalRotation: {x: -0, y: -0, z: -0, w: 1}
  m_LocalPosition: {x: 0, y: 0, z: 0}
  m_LocalScale: {x: 1, y: 1, z: 1}
  m_Children:
  - {fileID: 203182294}
  m_Father: {fileID: 1498853527}
  m_RootOrder: 0
  m_LocalEulerAnglesHint: {x: 0, y: 0, z: 0}
  m_AnchorMin: {x: 0, y: 0}
  m_AnchorMax: {x: 0, y: 0}
  m_AnchoredPosition: {x: 0, y: 0}
  m_SizeDelta: {x: 1, y: 1}
  m_Pivot: {x: 0.5, y: 0.5}
--- !u!114 &1615570653
MonoBehaviour:
  m_ObjectHideFlags: 0
  m_CorrespondingSourceObject: {fileID: 0}
  m_PrefabInstance: {fileID: 0}
  m_PrefabAsset: {fileID: 0}
  m_GameObject: {fileID: 1615570651}
  m_Enabled: 1
  m_EditorHideFlags: 0
  m_Script: {fileID: 11500000, guid: dc42784cf147c0c48a680349fa168899, type: 3}
  m_Name: 
  m_EditorClassIdentifier: 
  m_IgnoreReversedGraphics: 1
  m_BlockingObjects: 0
  m_BlockingMask:
    serializedVersion: 2
    m_Bits: 4294967295
--- !u!114 &1615570654
MonoBehaviour:
  m_ObjectHideFlags: 0
  m_CorrespondingSourceObject: {fileID: 0}
  m_PrefabInstance: {fileID: 0}
  m_PrefabAsset: {fileID: 0}
  m_GameObject: {fileID: 1615570651}
  m_Enabled: 1
  m_EditorHideFlags: 0
  m_Script: {fileID: 11500000, guid: 0cd44c1031e13a943bb63640046fad76, type: 3}
  m_Name: 
  m_EditorClassIdentifier: 
  m_UiScaleMode: 0
  m_ReferencePixelsPerUnit: 100
  m_ScaleFactor: 1
  m_ReferenceResolution: {x: 800, y: 600}
  m_ScreenMatchMode: 0
  m_MatchWidthOrHeight: 0
  m_PhysicalUnit: 3
  m_FallbackScreenDPI: 96
  m_DefaultSpriteDPI: 96
  m_DynamicPixelsPerUnit: 1
  m_PresetInfoIsWorld: 1
--- !u!223 &1615570655
Canvas:
  m_ObjectHideFlags: 0
  m_CorrespondingSourceObject: {fileID: 0}
  m_PrefabInstance: {fileID: 0}
  m_PrefabAsset: {fileID: 0}
  m_GameObject: {fileID: 1615570651}
  m_Enabled: 1
  serializedVersion: 3
  m_RenderMode: 2
  m_Camera: {fileID: 1065321662}
  m_PlaneDistance: 100
  m_PixelPerfect: 0
  m_ReceivesEvents: 1
  m_OverrideSorting: 0
  m_OverridePixelPerfect: 0
  m_SortingBucketNormalizedSize: 0
  m_AdditionalShaderChannelsFlag: 0
  m_SortingLayerID: 0
  m_SortingOrder: 0
  m_TargetDisplay: 0
--- !u!4 &1637511392 stripped
Transform:
  m_CorrespondingSourceObject: {fileID: 400022, guid: 959d14bf134f54a6e993fe6ca6e063c0, type: 3}
  m_PrefabInstance: {fileID: 657391339}
  m_PrefabAsset: {fileID: 0}
--- !u!4 &1654058462 stripped
Transform:
  m_CorrespondingSourceObject: {fileID: 7582778889551153453, guid: 014d624c84ad17945b006cb62d9c3b10, type: 3}
  m_PrefabInstance: {fileID: 2002355588}
  m_PrefabAsset: {fileID: 0}
--- !u!4 &1657491813 stripped
Transform:
  m_CorrespondingSourceObject: {fileID: 6135830001548824010, guid: 014d624c84ad17945b006cb62d9c3b10, type: 3}
  m_PrefabInstance: {fileID: 2002355588}
  m_PrefabAsset: {fileID: 0}
--- !u!1 &1660750038
GameObject:
  m_ObjectHideFlags: 0
  m_CorrespondingSourceObject: {fileID: 0}
  m_PrefabInstance: {fileID: 0}
  m_PrefabAsset: {fileID: 0}
  serializedVersion: 6
  m_Component:
  - component: {fileID: 1660750039}
  - component: {fileID: 1660750040}
  m_Layer: 0
  m_Name: ArmMover
  m_TagString: Untagged
  m_Icon: {fileID: 0}
  m_NavMeshLayer: 0
  m_StaticEditorFlags: 0
  m_IsActive: 1
--- !u!4 &1660750039
Transform:
  m_ObjectHideFlags: 0
  m_CorrespondingSourceObject: {fileID: 0}
  m_PrefabInstance: {fileID: 0}
  m_PrefabAsset: {fileID: 0}
  m_GameObject: {fileID: 1660750038}
  m_LocalRotation: {x: 0, y: 0, z: 0, w: 1}
  m_LocalPosition: {x: 0, y: 0, z: 0}
  m_LocalScale: {x: 1, y: 1, z: 1}
  m_Children:
  - {fileID: 1965579001}
  m_Father: {fileID: 985191742}
  m_RootOrder: 0
  m_LocalEulerAnglesHint: {x: 0, y: 0, z: 0}
--- !u!114 &1660750040
MonoBehaviour:
  m_ObjectHideFlags: 0
  m_CorrespondingSourceObject: {fileID: 0}
  m_PrefabInstance: {fileID: 0}
  m_PrefabAsset: {fileID: 0}
  m_GameObject: {fileID: 1660750038}
  m_Enabled: 1
  m_EditorHideFlags: 0
  m_Script: {fileID: 11500000, guid: aeda7bfbf984f2a4da5ab4b8967b115d, type: 3}
  m_Name: 
  m_EditorClassIdentifier: 
  m_Weight: 1
  m_Data:
    m_Root: {fileID: 1637511392}
    m_Mid: {fileID: 159357776}
    m_Tip: {fileID: 158043660}
    m_Target: {fileID: 1965579001}
    m_Hint: {fileID: 0}
    m_TargetPositionWeight: 1
    m_TargetRotationWeight: 1
    m_HintWeight: 1
    m_MaintainTargetPositionOffset: 1
    m_MaintainTargetRotationOffset: 1
  m_SourceObjectsGUIToggle: 1
  m_SettingsGUIToggle: 1
--- !u!1 &1694719938 stripped
GameObject:
  m_CorrespondingSourceObject: {fileID: 100118, guid: 959d14bf134f54a6e993fe6ca6e063c0, type: 3}
  m_PrefabInstance: {fileID: 657391339}
  m_PrefabAsset: {fileID: 0}
--- !u!4 &1694719940 stripped
Transform:
  m_CorrespondingSourceObject: {fileID: 400118, guid: 959d14bf134f54a6e993fe6ca6e063c0, type: 3}
  m_PrefabInstance: {fileID: 657391339}
  m_PrefabAsset: {fileID: 0}
--- !u!114 &1694719941
MonoBehaviour:
  m_ObjectHideFlags: 0
  m_CorrespondingSourceObject: {fileID: 0}
  m_PrefabInstance: {fileID: 0}
  m_PrefabAsset: {fileID: 0}
  m_GameObject: {fileID: 1694719938}
  m_Enabled: 1
  m_EditorHideFlags: 0
  m_Script: {fileID: 11500000, guid: fff0960ef4ea6e04eac66b4a7fd2189d, type: 3}
  m_Name: 
  m_EditorClassIdentifier: 
  m_RigLayers:
  - m_Rig: {fileID: 1737475936}
    m_Active: 1
  - m_Rig: {fileID: 985191741}
    m_Active: 1
  m_Effectors: []
--- !u!114 &1694719942
MonoBehaviour:
  m_ObjectHideFlags: 0
  m_CorrespondingSourceObject: {fileID: 0}
  m_PrefabInstance: {fileID: 0}
  m_PrefabAsset: {fileID: 0}
  m_GameObject: {fileID: 1694719938}
  m_Enabled: 1
  m_EditorHideFlags: 0
  m_Script: {fileID: 11500000, guid: b2d8418b0b9634b1892b0268dd9c2743, type: 3}
  m_Name: 
  m_EditorClassIdentifier: 
  boneShape: 1
  drawBones: 1
  drawTripods: 0
  boneSize: 1
  tripodSize: 1
  boneColor: {r: 0, g: 0, b: 1, a: 0.5}
  m_Transforms:
  - {fileID: 740375155}
  - {fileID: 486854583}
  - {fileID: 1754793401}
  - {fileID: 784924598}
  - {fileID: 712855718}
  - {fileID: 686174615}
  - {fileID: 659666740}
  - {fileID: 1950499853}
  - {fileID: 1637511392}
  - {fileID: 1012784830}
  - {fileID: 1983616507}
  - {fileID: 28397355}
  - {fileID: 1834585832}
  - {fileID: 14276841}
  - {fileID: 159357776}
  - {fileID: 158043660}
  - {fileID: 584274998}
  - {fileID: 1214047101}
  - {fileID: 431912193}
  - {fileID: 555486466}
  - {fileID: 77487822}
  - {fileID: 1947439496}
  - {fileID: 427192943}
  - {fileID: 1784919187}
  - {fileID: 451492513}
  - {fileID: 583244210}
  - {fileID: 155732191}
  - {fileID: 187509168}
  - {fileID: 1146930283}
  - {fileID: 2087688810}
  - {fileID: 1286104289}
  - {fileID: 1569446843}
  - {fileID: 1953499443}
  - {fileID: 284126445}
  - {fileID: 22499428}
  - {fileID: 1572153744}
  - {fileID: 1926174100}
  - {fileID: 1301665045}
  - {fileID: 292846314}
  - {fileID: 961039133}
  - {fileID: 937567775}
  - {fileID: 119353685}
  - {fileID: 295913427}
  - {fileID: 711908425}
  - {fileID: 1780911760}
  - {fileID: 939995752}
  - {fileID: 86152925}
  - {fileID: 2058953944}
  - {fileID: 1737205634}
  - {fileID: 1975451799}
  - {fileID: 685313354}
  - {fileID: 906854894}
  - {fileID: 1092016060}
  - {fileID: 1567317235}
  - {fileID: 246560674}
  - {fileID: 880187575}
--- !u!1 &1697113987
GameObject:
  m_ObjectHideFlags: 0
  m_CorrespondingSourceObject: {fileID: 0}
  m_PrefabInstance: {fileID: 0}
  m_PrefabAsset: {fileID: 0}
  serializedVersion: 6
  m_Component:
  - component: {fileID: 1697113988}
  - component: {fileID: 1697113990}
  - component: {fileID: 1697113989}
  m_Layer: 5
  m_Name: Image
  m_TagString: Untagged
  m_Icon: {fileID: 0}
  m_NavMeshLayer: 0
  m_StaticEditorFlags: 0
  m_IsActive: 1
--- !u!224 &1697113988
RectTransform:
  m_ObjectHideFlags: 0
  m_CorrespondingSourceObject: {fileID: 0}
  m_PrefabInstance: {fileID: 0}
  m_PrefabAsset: {fileID: 0}
  m_GameObject: {fileID: 1697113987}
  m_LocalRotation: {x: 0, y: 0, z: 0, w: 1}
  m_LocalPosition: {x: 0, y: 0, z: 0}
  m_LocalScale: {x: 1, y: 1, z: 1}
  m_Children: []
  m_Father: {fileID: 950379280}
  m_RootOrder: 0
  m_LocalEulerAnglesHint: {x: 0, y: 0, z: 0}
  m_AnchorMin: {x: 0.5, y: 0.5}
  m_AnchorMax: {x: 0.5, y: 0.5}
  m_AnchoredPosition: {x: 0, y: 0}
  m_SizeDelta: {x: 0.2, y: 0.2}
  m_Pivot: {x: 0.5, y: 0.5}
--- !u!114 &1697113989
MonoBehaviour:
  m_ObjectHideFlags: 0
  m_CorrespondingSourceObject: {fileID: 0}
  m_PrefabInstance: {fileID: 0}
  m_PrefabAsset: {fileID: 0}
  m_GameObject: {fileID: 1697113987}
  m_Enabled: 1
  m_EditorHideFlags: 0
  m_Script: {fileID: 11500000, guid: fe87c0e1cc204ed48ad3b37840f39efc, type: 3}
  m_Name: 
  m_EditorClassIdentifier: 
  m_Material: {fileID: 0}
  m_Color: {r: 1, g: 1, b: 1, a: 1}
  m_RaycastTarget: 1
  m_RaycastPadding: {x: 0, y: 0, z: 0, w: 0}
  m_Maskable: 1
  m_OnCullStateChanged:
    m_PersistentCalls:
      m_Calls: []
  m_Sprite: {fileID: 21300000, guid: 8314b2022d42a1946b371a310e4df0e9, type: 3}
  m_Type: 0
  m_PreserveAspect: 0
  m_FillCenter: 1
  m_FillMethod: 4
  m_FillAmount: 1
  m_FillClockwise: 1
  m_FillOrigin: 0
  m_UseSpriteMesh: 0
  m_PixelsPerUnitMultiplier: 1
--- !u!222 &1697113990
CanvasRenderer:
  m_ObjectHideFlags: 0
  m_CorrespondingSourceObject: {fileID: 0}
  m_PrefabInstance: {fileID: 0}
  m_PrefabAsset: {fileID: 0}
  m_GameObject: {fileID: 1697113987}
  m_CullTransparentMesh: 1
--- !u!4 &1709199882 stripped
Transform:
  m_CorrespondingSourceObject: {fileID: -7393216509368664199, guid: 014d624c84ad17945b006cb62d9c3b10, type: 3}
  m_PrefabInstance: {fileID: 2002355588}
  m_PrefabAsset: {fileID: 0}
--- !u!1 &1736379677
GameObject:
  m_ObjectHideFlags: 0
  m_CorrespondingSourceObject: {fileID: 0}
  m_PrefabInstance: {fileID: 0}
  m_PrefabAsset: {fileID: 0}
  serializedVersion: 6
  m_Component:
  - component: {fileID: 1736379678}
  - component: {fileID: 1736379680}
  - component: {fileID: 1736379679}
  m_Layer: 5
  m_Name: Image
  m_TagString: Untagged
  m_Icon: {fileID: 0}
  m_NavMeshLayer: 0
  m_StaticEditorFlags: 0
  m_IsActive: 1
--- !u!224 &1736379678
RectTransform:
  m_ObjectHideFlags: 0
  m_CorrespondingSourceObject: {fileID: 0}
  m_PrefabInstance: {fileID: 0}
  m_PrefabAsset: {fileID: 0}
  m_GameObject: {fileID: 1736379677}
  m_LocalRotation: {x: 0, y: 0, z: 0, w: 1}
  m_LocalPosition: {x: 0, y: 0, z: 0.05}
  m_LocalScale: {x: 1, y: 1, z: 1}
  m_Children: []
  m_Father: {fileID: 370835874}
  m_RootOrder: 0
  m_LocalEulerAnglesHint: {x: 0, y: 0, z: 0}
  m_AnchorMin: {x: 0.5, y: 0.5}
  m_AnchorMax: {x: 0.5, y: 0.5}
  m_AnchoredPosition: {x: 0, y: 0}
  m_SizeDelta: {x: 0.15, y: 0.15}
  m_Pivot: {x: 0.5, y: 0.5}
--- !u!114 &1736379679
MonoBehaviour:
  m_ObjectHideFlags: 0
  m_CorrespondingSourceObject: {fileID: 0}
  m_PrefabInstance: {fileID: 0}
  m_PrefabAsset: {fileID: 0}
  m_GameObject: {fileID: 1736379677}
  m_Enabled: 1
  m_EditorHideFlags: 0
  m_Script: {fileID: 11500000, guid: fe87c0e1cc204ed48ad3b37840f39efc, type: 3}
  m_Name: 
  m_EditorClassIdentifier: 
  m_Material: {fileID: 0}
  m_Color: {r: 1, g: 1, b: 1, a: 1}
  m_RaycastTarget: 1
  m_RaycastPadding: {x: 0, y: 0, z: 0, w: 0}
  m_Maskable: 1
  m_OnCullStateChanged:
    m_PersistentCalls:
      m_Calls: []
  m_Sprite: {fileID: 21300000, guid: 8314b2022d42a1946b371a310e4df0e9, type: 3}
  m_Type: 0
  m_PreserveAspect: 0
  m_FillCenter: 1
  m_FillMethod: 4
  m_FillAmount: 1
  m_FillClockwise: 1
  m_FillOrigin: 0
  m_UseSpriteMesh: 0
  m_PixelsPerUnitMultiplier: 1
--- !u!222 &1736379680
CanvasRenderer:
  m_ObjectHideFlags: 0
  m_CorrespondingSourceObject: {fileID: 0}
  m_PrefabInstance: {fileID: 0}
  m_PrefabAsset: {fileID: 0}
  m_GameObject: {fileID: 1736379677}
  m_CullTransparentMesh: 1
--- !u!4 &1737205634 stripped
Transform:
  m_CorrespondingSourceObject: {fileID: 400106, guid: 959d14bf134f54a6e993fe6ca6e063c0, type: 3}
  m_PrefabInstance: {fileID: 657391339}
  m_PrefabAsset: {fileID: 0}
--- !u!1 &1737475935
GameObject:
  m_ObjectHideFlags: 0
  m_CorrespondingSourceObject: {fileID: 0}
  m_PrefabInstance: {fileID: 0}
  m_PrefabAsset: {fileID: 0}
  serializedVersion: 6
  m_Component:
  - component: {fileID: 1737475937}
  - component: {fileID: 1737475936}
  m_Layer: 0
  m_Name: HeadRig
  m_TagString: Untagged
  m_Icon: {fileID: 0}
  m_NavMeshLayer: 0
  m_StaticEditorFlags: 0
  m_IsActive: 1
--- !u!114 &1737475936
MonoBehaviour:
  m_ObjectHideFlags: 0
  m_CorrespondingSourceObject: {fileID: 0}
  m_PrefabInstance: {fileID: 0}
  m_PrefabAsset: {fileID: 0}
  m_GameObject: {fileID: 1737475935}
  m_Enabled: 1
  m_EditorHideFlags: 0
  m_Script: {fileID: 11500000, guid: 70b342d8ce5c2fd48b8fa3147d48d1d1, type: 3}
  m_Name: 
  m_EditorClassIdentifier: 
  m_Weight: 1
  m_Effectors:
  - m_Transform: {fileID: 0}
    m_Style:
      shape: {fileID: 4300000, guid: e050c2b16fe384bd994474655a4b4968, type: 2}
      color: {r: 1, g: 0, b: 0, a: 0.5}
      size: 0.1
      position: {x: 0, y: 0, z: 0}
      rotation: {x: 0, y: 0, z: 0}
    m_Visible: 1
--- !u!4 &1737475937
Transform:
  m_ObjectHideFlags: 0
  m_CorrespondingSourceObject: {fileID: 0}
  m_PrefabInstance: {fileID: 0}
  m_PrefabAsset: {fileID: 0}
  m_GameObject: {fileID: 1737475935}
  m_LocalRotation: {x: -0, y: -0.7071068, z: -0, w: 0.7071068}
  m_LocalPosition: {x: 0, y: 0, z: 0}
  m_LocalScale: {x: 1, y: 1, z: 1}
  m_Children:
  - {fileID: 1498853527}
  - {fileID: 1389874722}
  - {fileID: 2030879157}
  - {fileID: 1861061124}
  m_Father: {fileID: 1694719940}
  m_RootOrder: 2
  m_LocalEulerAnglesHint: {x: 0, y: 0, z: 0}
--- !u!4 &1739532812 stripped
Transform:
  m_CorrespondingSourceObject: {fileID: 6579409247999828650, guid: 014d624c84ad17945b006cb62d9c3b10, type: 3}
  m_PrefabInstance: {fileID: 2002355588}
  m_PrefabAsset: {fileID: 0}
--- !u!4 &1750852782 stripped
Transform:
  m_CorrespondingSourceObject: {fileID: -3539740031763295000, guid: 014d624c84ad17945b006cb62d9c3b10, type: 3}
  m_PrefabInstance: {fileID: 2002355588}
  m_PrefabAsset: {fileID: 0}
--- !u!4 &1753557550 stripped
Transform:
  m_CorrespondingSourceObject: {fileID: -2178951807013924116, guid: 014d624c84ad17945b006cb62d9c3b10, type: 3}
  m_PrefabInstance: {fileID: 2002355588}
  m_PrefabAsset: {fileID: 0}
--- !u!4 &1754793401 stripped
Transform:
  m_CorrespondingSourceObject: {fileID: 400026, guid: 959d14bf134f54a6e993fe6ca6e063c0, type: 3}
  m_PrefabInstance: {fileID: 657391339}
  m_PrefabAsset: {fileID: 0}
--- !u!4 &1755956187 stripped
Transform:
  m_CorrespondingSourceObject: {fileID: -6199165168437336651, guid: 014d624c84ad17945b006cb62d9c3b10, type: 3}
  m_PrefabInstance: {fileID: 2002355588}
  m_PrefabAsset: {fileID: 0}
--- !u!4 &1780911760 stripped
Transform:
  m_CorrespondingSourceObject: {fileID: 400110, guid: 959d14bf134f54a6e993fe6ca6e063c0, type: 3}
  m_PrefabInstance: {fileID: 657391339}
  m_PrefabAsset: {fileID: 0}
--- !u!4 &1784919187 stripped
Transform:
  m_CorrespondingSourceObject: {fileID: 400006, guid: 959d14bf134f54a6e993fe6ca6e063c0, type: 3}
  m_PrefabInstance: {fileID: 657391339}
  m_PrefabAsset: {fileID: 0}
--- !u!4 &1804557111 stripped
Transform:
  m_CorrespondingSourceObject: {fileID: -1434551515948088365, guid: 014d624c84ad17945b006cb62d9c3b10, type: 3}
  m_PrefabInstance: {fileID: 2002355588}
  m_PrefabAsset: {fileID: 0}
--- !u!4 &1834585832 stripped
Transform:
  m_CorrespondingSourceObject: {fileID: 400000, guid: 959d14bf134f54a6e993fe6ca6e063c0, type: 3}
  m_PrefabInstance: {fileID: 657391339}
  m_PrefabAsset: {fileID: 0}
--- !u!1 &1839435392
GameObject:
  m_ObjectHideFlags: 0
  m_CorrespondingSourceObject: {fileID: 0}
  m_PrefabInstance: {fileID: 0}
  m_PrefabAsset: {fileID: 0}
  serializedVersion: 6
  m_Component:
  - component: {fileID: 1839435393}
  - component: {fileID: 1839435394}
  m_Layer: 0
  m_Name: HeadAim
  m_TagString: Untagged
  m_Icon: {fileID: 0}
  m_NavMeshLayer: 0
  m_StaticEditorFlags: 0
  m_IsActive: 1
--- !u!4 &1839435393
Transform:
  m_ObjectHideFlags: 0
  m_CorrespondingSourceObject: {fileID: 0}
  m_PrefabInstance: {fileID: 0}
  m_PrefabAsset: {fileID: 0}
  m_GameObject: {fileID: 1839435392}
  m_LocalRotation: {x: 0, y: 0, z: 0, w: 1}
  m_LocalPosition: {x: 0, y: 0, z: 0}
  m_LocalScale: {x: 1, y: 1, z: 1}
  m_Children:
  - {fileID: 254114296}
  m_Father: {fileID: 2030018515}
  m_RootOrder: 0
  m_LocalEulerAnglesHint: {x: 0, y: 0, z: 0}
--- !u!114 &1839435394
MonoBehaviour:
  m_ObjectHideFlags: 0
  m_CorrespondingSourceObject: {fileID: 0}
  m_PrefabInstance: {fileID: 0}
  m_PrefabAsset: {fileID: 0}
  m_GameObject: {fileID: 1839435392}
  m_Enabled: 1
  m_EditorHideFlags: 0
  m_Script: {fileID: 11500000, guid: e3c430f382484144e925c097c2d33cfe, type: 3}
  m_Name: 
  m_EditorClassIdentifier: 
  m_Weight: 1
  m_Data:
    m_ConstrainedObject: {fileID: 842711241}
    m_SourceObjects:
      m_Length: 1
      m_Item0:
        transform: {fileID: 254114296}
        weight: 1
      m_Item1:
        transform: {fileID: 0}
        weight: 0
      m_Item2:
        transform: {fileID: 0}
        weight: 0
      m_Item3:
        transform: {fileID: 0}
        weight: 0
      m_Item4:
        transform: {fileID: 0}
        weight: 0
      m_Item5:
        transform: {fileID: 0}
        weight: 0
      m_Item6:
        transform: {fileID: 0}
        weight: 0
      m_Item7:
        transform: {fileID: 0}
        weight: 0
    m_Offset: {x: 0, y: 0, z: 0}
    m_MinLimit: -180
    m_MaxLimit: 180
    m_AimAxis: 2
    m_UpAxis: 2
    m_WorldUpType: 0
    m_WorldUpObject: {fileID: 0}
    m_WorldUpAxis: 2
    m_MaintainOffset: 0
    m_ConstrainedAxes:
      x: 1
      y: 1
      z: 1
  m_SourceObjectsGUIToggle: 1
  m_SettingsGUIToggle: 1
--- !u!1 &1861061123
GameObject:
  m_ObjectHideFlags: 0
  m_CorrespondingSourceObject: {fileID: 0}
  m_PrefabInstance: {fileID: 0}
  m_PrefabAsset: {fileID: 0}
  serializedVersion: 6
  m_Component:
  - component: {fileID: 1861061124}
  - component: {fileID: 1861061125}
  m_Layer: 0
  m_Name: HeadMover
  m_TagString: Untagged
  m_Icon: {fileID: 0}
  m_NavMeshLayer: 0
  m_StaticEditorFlags: 0
  m_IsActive: 1
--- !u!4 &1861061124
Transform:
  m_ObjectHideFlags: 0
  m_CorrespondingSourceObject: {fileID: 0}
  m_PrefabInstance: {fileID: 0}
  m_PrefabAsset: {fileID: 0}
  m_GameObject: {fileID: 1861061123}
  m_LocalRotation: {x: 0, y: 0, z: 0, w: 1}
  m_LocalPosition: {x: 0, y: 0, z: 0}
  m_LocalScale: {x: 1, y: 1, z: 1}
  m_Children:
  - {fileID: 1383171200}
  m_Father: {fileID: 1737475937}
  m_RootOrder: 3
  m_LocalEulerAnglesHint: {x: 0, y: 0, z: 0}
--- !u!114 &1861061125
MonoBehaviour:
  m_ObjectHideFlags: 0
  m_CorrespondingSourceObject: {fileID: 0}
  m_PrefabInstance: {fileID: 0}
  m_PrefabAsset: {fileID: 0}
  m_GameObject: {fileID: 1861061123}
  m_Enabled: 1
  m_EditorHideFlags: 0
  m_Script: {fileID: 11500000, guid: aeda7bfbf984f2a4da5ab4b8967b115d, type: 3}
  m_Name: 
  m_EditorClassIdentifier: 
  m_Weight: 1
  m_Data:
    m_Root: {fileID: 431912193}
    m_Mid: {fileID: 1983616507}
    m_Tip: {fileID: 1983616507}
    m_Target: {fileID: 1383171200}
    m_Hint: {fileID: 0}
    m_TargetPositionWeight: 1
    m_TargetRotationWeight: 1
    m_HintWeight: 1
    m_MaintainTargetPositionOffset: 1
    m_MaintainTargetRotationOffset: 1
  m_SourceObjectsGUIToggle: 1
  m_SettingsGUIToggle: 1
--- !u!4 &1884798547 stripped
Transform:
  m_CorrespondingSourceObject: {fileID: 4115702347862863914, guid: 014d624c84ad17945b006cb62d9c3b10, type: 3}
  m_PrefabInstance: {fileID: 2002355588}
  m_PrefabAsset: {fileID: 0}
--- !u!4 &1891871967 stripped
Transform:
  m_CorrespondingSourceObject: {fileID: 3230013884265802257, guid: 014d624c84ad17945b006cb62d9c3b10, type: 3}
  m_PrefabInstance: {fileID: 2002355588}
  m_PrefabAsset: {fileID: 0}
--- !u!4 &1926174100 stripped
Transform:
  m_CorrespondingSourceObject: {fileID: 400068, guid: 959d14bf134f54a6e993fe6ca6e063c0, type: 3}
  m_PrefabInstance: {fileID: 657391339}
  m_PrefabAsset: {fileID: 0}
--- !u!4 &1927097907 stripped
Transform:
  m_CorrespondingSourceObject: {fileID: -3990839533145926879, guid: 014d624c84ad17945b006cb62d9c3b10, type: 3}
  m_PrefabInstance: {fileID: 2002355588}
  m_PrefabAsset: {fileID: 0}
--- !u!4 &1946877384 stripped
Transform:
  m_CorrespondingSourceObject: {fileID: -8774815827161140839, guid: 014d624c84ad17945b006cb62d9c3b10, type: 3}
  m_PrefabInstance: {fileID: 2002355588}
  m_PrefabAsset: {fileID: 0}
--- !u!4 &1947439496 stripped
Transform:
  m_CorrespondingSourceObject: {fileID: 400034, guid: 959d14bf134f54a6e993fe6ca6e063c0, type: 3}
  m_PrefabInstance: {fileID: 657391339}
  m_PrefabAsset: {fileID: 0}
--- !u!4 &1950499853 stripped
Transform:
  m_CorrespondingSourceObject: {fileID: 400004, guid: 959d14bf134f54a6e993fe6ca6e063c0, type: 3}
  m_PrefabInstance: {fileID: 657391339}
  m_PrefabAsset: {fileID: 0}
--- !u!4 &1953499443 stripped
Transform:
  m_CorrespondingSourceObject: {fileID: 400084, guid: 959d14bf134f54a6e993fe6ca6e063c0, type: 3}
  m_PrefabInstance: {fileID: 657391339}
  m_PrefabAsset: {fileID: 0}
--- !u!1 &1965579000
GameObject:
  m_ObjectHideFlags: 0
  m_CorrespondingSourceObject: {fileID: 0}
  m_PrefabInstance: {fileID: 0}
  m_PrefabAsset: {fileID: 0}
  serializedVersion: 6
  m_Component:
  - component: {fileID: 1965579001}
  - component: {fileID: 1965579002}
  - component: {fileID: 1965579003}
  m_Layer: 8
  m_Name: Target
  m_TagString: LeftArm
  m_Icon: {fileID: 0}
  m_NavMeshLayer: 0
  m_StaticEditorFlags: 0
  m_IsActive: 1
--- !u!4 &1965579001
Transform:
  m_ObjectHideFlags: 0
  m_CorrespondingSourceObject: {fileID: 0}
  m_PrefabInstance: {fileID: 0}
  m_PrefabAsset: {fileID: 0}
  m_GameObject: {fileID: 1965579000}
  m_LocalRotation: {x: 0, y: 0, z: 0, w: 1}
  m_LocalPosition: {x: -0.04566376, y: 0.99223435, z: 0.42021638}
  m_LocalScale: {x: 1, y: 1, z: 1}
  m_Children:
  - {fileID: 370835874}
  m_Father: {fileID: 1660750039}
  m_RootOrder: 0
  m_LocalEulerAnglesHint: {x: 0, y: 0, z: 0}
--- !u!114 &1965579002
MonoBehaviour:
  m_ObjectHideFlags: 0
  m_CorrespondingSourceObject: {fileID: 0}
  m_PrefabInstance: {fileID: 0}
  m_PrefabAsset: {fileID: 0}
  m_GameObject: {fileID: 1965579000}
  m_Enabled: 1
  m_EditorHideFlags: 0
  m_Script: {fileID: 11500000, guid: 4109e9bb07c52a048bcd0d0dd270c708, type: 3}
  m_Name: 
  m_EditorClassIdentifier: 
  effectorTranform: {fileID: 0}
  sprite: {fileID: 1736379679}
  m_initalPosition: {fileID: 1637511392}
  clampDistance: 0.5
--- !u!135 &1965579003
SphereCollider:
  m_ObjectHideFlags: 0
  m_CorrespondingSourceObject: {fileID: 0}
  m_PrefabInstance: {fileID: 0}
  m_PrefabAsset: {fileID: 0}
  m_GameObject: {fileID: 1965579000}
  m_Material: {fileID: 0}
  m_IsTrigger: 0
  m_Enabled: 1
  serializedVersion: 2
  m_Radius: 0.2
  m_Center: {x: 0, y: 0, z: 0}
--- !u!4 &1975451799 stripped
Transform:
  m_CorrespondingSourceObject: {fileID: 400108, guid: 959d14bf134f54a6e993fe6ca6e063c0, type: 3}
  m_PrefabInstance: {fileID: 657391339}
  m_PrefabAsset: {fileID: 0}
--- !u!4 &1983616507 stripped
Transform:
  m_CorrespondingSourceObject: {fileID: 400056, guid: 959d14bf134f54a6e993fe6ca6e063c0, type: 3}
  m_PrefabInstance: {fileID: 657391339}
  m_PrefabAsset: {fileID: 0}
--- !u!1001 &2002355588
PrefabInstance:
  m_ObjectHideFlags: 0
  serializedVersion: 2
  m_Modification:
    m_TransformParent: {fileID: 0}
    m_Modifications:
    - target: {fileID: -8679921383154817045, guid: 014d624c84ad17945b006cb62d9c3b10, type: 3}
      propertyPath: m_RootOrder
      value: 3
      objectReference: {fileID: 0}
    - target: {fileID: -8679921383154817045, guid: 014d624c84ad17945b006cb62d9c3b10, type: 3}
      propertyPath: m_LocalPosition.x
      value: 0
      objectReference: {fileID: 0}
    - target: {fileID: -8679921383154817045, guid: 014d624c84ad17945b006cb62d9c3b10, type: 3}
      propertyPath: m_LocalPosition.y
      value: -0.25
      objectReference: {fileID: 0}
    - target: {fileID: -8679921383154817045, guid: 014d624c84ad17945b006cb62d9c3b10, type: 3}
      propertyPath: m_LocalPosition.z
      value: 0
      objectReference: {fileID: 0}
    - target: {fileID: -8679921383154817045, guid: 014d624c84ad17945b006cb62d9c3b10, type: 3}
      propertyPath: m_LocalRotation.w
      value: 0.7071068
      objectReference: {fileID: 0}
    - target: {fileID: -8679921383154817045, guid: 014d624c84ad17945b006cb62d9c3b10, type: 3}
      propertyPath: m_LocalRotation.x
      value: 0
      objectReference: {fileID: 0}
    - target: {fileID: -8679921383154817045, guid: 014d624c84ad17945b006cb62d9c3b10, type: 3}
      propertyPath: m_LocalRotation.y
      value: 0.7071068
      objectReference: {fileID: 0}
    - target: {fileID: -8679921383154817045, guid: 014d624c84ad17945b006cb62d9c3b10, type: 3}
      propertyPath: m_LocalRotation.z
      value: 0
      objectReference: {fileID: 0}
    - target: {fileID: -8679921383154817045, guid: 014d624c84ad17945b006cb62d9c3b10, type: 3}
      propertyPath: m_LocalEulerAnglesHint.x
      value: 0
      objectReference: {fileID: 0}
    - target: {fileID: -8679921383154817045, guid: 014d624c84ad17945b006cb62d9c3b10, type: 3}
      propertyPath: m_LocalEulerAnglesHint.y
      value: 90
      objectReference: {fileID: 0}
    - target: {fileID: -8679921383154817045, guid: 014d624c84ad17945b006cb62d9c3b10, type: 3}
      propertyPath: m_LocalEulerAnglesHint.z
      value: 0
      objectReference: {fileID: 0}
    - target: {fileID: -8139845245418425644, guid: 014d624c84ad17945b006cb62d9c3b10, type: 3}
      propertyPath: m_Materials.Array.data[0]
      value: 
      objectReference: {fileID: 2100000, guid: 96934ee49303b5d4e8e36bbeb4ba1cf9, type: 2}
    - target: {fileID: -5908414349012372036, guid: 014d624c84ad17945b006cb62d9c3b10, type: 3}
      propertyPath: m_Materials.Array.data[0]
      value: 
      objectReference: {fileID: 2100000, guid: 96934ee49303b5d4e8e36bbeb4ba1cf9, type: 2}
    - target: {fileID: -5475471862954496546, guid: 014d624c84ad17945b006cb62d9c3b10, type: 3}
      propertyPath: m_IsActive
      value: 0
      objectReference: {fileID: 0}
    - target: {fileID: -5064226889323558292, guid: 014d624c84ad17945b006cb62d9c3b10, type: 3}
      propertyPath: m_Materials.Array.data[0]
      value: 
      objectReference: {fileID: 2100000, guid: 96934ee49303b5d4e8e36bbeb4ba1cf9, type: 2}
    - target: {fileID: -4599342576408594242, guid: 014d624c84ad17945b006cb62d9c3b10, type: 3}
      propertyPath: m_IsActive
      value: 1
      objectReference: {fileID: 0}
    - target: {fileID: -1717021952978436733, guid: 014d624c84ad17945b006cb62d9c3b10, type: 3}
      propertyPath: m_Materials.Array.data[0]
      value: 
      objectReference: {fileID: 2100000, guid: 96934ee49303b5d4e8e36bbeb4ba1cf9, type: 2}
    - target: {fileID: -762276035507419833, guid: 014d624c84ad17945b006cb62d9c3b10, type: 3}
      propertyPath: m_IsActive
      value: 0
      objectReference: {fileID: 0}
    - target: {fileID: 468739137533535497, guid: 014d624c84ad17945b006cb62d9c3b10, type: 3}
      propertyPath: m_Materials.Array.data[0]
      value: 
      objectReference: {fileID: 2100000, guid: 96934ee49303b5d4e8e36bbeb4ba1cf9, type: 2}
    - target: {fileID: 468739137533535497, guid: 014d624c84ad17945b006cb62d9c3b10, type: 3}
      propertyPath: m_Materials.Array.data[1]
      value: 
      objectReference: {fileID: 2100000, guid: 96934ee49303b5d4e8e36bbeb4ba1cf9, type: 2}
    - target: {fileID: 919132149155446097, guid: 014d624c84ad17945b006cb62d9c3b10, type: 3}
      propertyPath: m_Name
      value: Male_Char_RIg
      objectReference: {fileID: 0}
    - target: {fileID: 919132149155446097, guid: 014d624c84ad17945b006cb62d9c3b10, type: 3}
      propertyPath: m_IsActive
      value: 0
      objectReference: {fileID: 0}
    - target: {fileID: 5866666021909216657, guid: 014d624c84ad17945b006cb62d9c3b10, type: 3}
      propertyPath: m_Controller
      value: 
      objectReference: {fileID: 0}
    - target: {fileID: 5866666021909216657, guid: 014d624c84ad17945b006cb62d9c3b10, type: 3}
      propertyPath: m_CullingMode
      value: 0
      objectReference: {fileID: 0}
    - target: {fileID: 5866666021909216657, guid: 014d624c84ad17945b006cb62d9c3b10, type: 3}
      propertyPath: m_ApplyRootMotion
      value: 0
      objectReference: {fileID: 0}
    - target: {fileID: 7233694816426811761, guid: 014d624c84ad17945b006cb62d9c3b10, type: 3}
      propertyPath: m_Materials.Array.data[0]
      value: 
      objectReference: {fileID: 2100000, guid: 96934ee49303b5d4e8e36bbeb4ba1cf9, type: 2}
    - target: {fileID: 7233694816426811761, guid: 014d624c84ad17945b006cb62d9c3b10, type: 3}
      propertyPath: m_Materials.Array.data[1]
      value: 
      objectReference: {fileID: 2100000, guid: 96934ee49303b5d4e8e36bbeb4ba1cf9, type: 2}
    m_RemovedComponents: []
  m_SourcePrefab: {fileID: 100100000, guid: 014d624c84ad17945b006cb62d9c3b10, type: 3}
--- !u!1 &2030018513
GameObject:
  m_ObjectHideFlags: 0
  m_CorrespondingSourceObject: {fileID: 0}
  m_PrefabInstance: {fileID: 0}
  m_PrefabAsset: {fileID: 0}
  serializedVersion: 6
  m_Component:
  - component: {fileID: 2030018515}
  - component: {fileID: 2030018514}
  m_Layer: 0
  m_Name: Rig 1
  m_TagString: Untagged
  m_Icon: {fileID: 0}
  m_NavMeshLayer: 0
  m_StaticEditorFlags: 0
  m_IsActive: 1
--- !u!114 &2030018514
MonoBehaviour:
  m_ObjectHideFlags: 0
  m_CorrespondingSourceObject: {fileID: 0}
  m_PrefabInstance: {fileID: 0}
  m_PrefabAsset: {fileID: 0}
  m_GameObject: {fileID: 2030018513}
  m_Enabled: 1
  m_EditorHideFlags: 0
  m_Script: {fileID: 11500000, guid: 70b342d8ce5c2fd48b8fa3147d48d1d1, type: 3}
  m_Name: 
  m_EditorClassIdentifier: 
  m_Weight: 1
  m_Effectors:
  - m_Transform: {fileID: 254114296}
    m_Style:
      shape: {fileID: 4300000, guid: e050c2b16fe384bd994474655a4b4968, type: 2}
      color: {r: 1, g: 0, b: 0, a: 0.5}
      size: 0.25
      position: {x: 0, y: 0, z: 0}
      rotation: {x: 0, y: 0, z: 0}
    m_Visible: 1
--- !u!4 &2030018515
Transform:
  m_ObjectHideFlags: 0
  m_CorrespondingSourceObject: {fileID: 0}
  m_PrefabInstance: {fileID: 0}
  m_PrefabAsset: {fileID: 0}
  m_GameObject: {fileID: 2030018513}
  m_LocalRotation: {x: -0, y: -0.7071068, z: -0, w: 0.7071068}
  m_LocalPosition: {x: 0, y: 0.25, z: 0}
  m_LocalScale: {x: 0.99999976, y: 1, z: 0.99999976}
  m_Children:
  - {fileID: 1839435393}
  m_Father: {fileID: 1003815}
  m_RootOrder: 2
  m_LocalEulerAnglesHint: {x: 0, y: 0, z: 0}
--- !u!1 &2030879156
GameObject:
  m_ObjectHideFlags: 0
  m_CorrespondingSourceObject: {fileID: 0}
  m_PrefabInstance: {fileID: 0}
  m_PrefabAsset: {fileID: 0}
  serializedVersion: 6
  m_Component:
  - component: {fileID: 2030879157}
  - component: {fileID: 2030879158}
  m_Layer: 0
  m_Name: HeadAim
  m_TagString: Untagged
  m_Icon: {fileID: 0}
  m_NavMeshLayer: 0
  m_StaticEditorFlags: 0
  m_IsActive: 0
--- !u!4 &2030879157
Transform:
  m_ObjectHideFlags: 0
  m_CorrespondingSourceObject: {fileID: 0}
  m_PrefabInstance: {fileID: 0}
  m_PrefabAsset: {fileID: 0}
  m_GameObject: {fileID: 2030879156}
  m_LocalRotation: {x: 0, y: 0, z: 0, w: 1}
  m_LocalPosition: {x: 0, y: 0, z: 0}
  m_LocalScale: {x: 1, y: 1, z: 1}
  m_Children: []
  m_Father: {fileID: 1737475937}
  m_RootOrder: 2
  m_LocalEulerAnglesHint: {x: 0, y: 0, z: 0}
--- !u!114 &2030879158
MonoBehaviour:
  m_ObjectHideFlags: 0
  m_CorrespondingSourceObject: {fileID: 0}
  m_PrefabInstance: {fileID: 0}
  m_PrefabAsset: {fileID: 0}
  m_GameObject: {fileID: 2030879156}
  m_Enabled: 1
  m_EditorHideFlags: 0
  m_Script: {fileID: 11500000, guid: e3c430f382484144e925c097c2d33cfe, type: 3}
  m_Name: 
  m_EditorClassIdentifier: 
  m_Weight: 0.45
  m_Data:
    m_ConstrainedObject: {fileID: 1834585832}
    m_SourceObjects:
      m_Length: 1
      m_Item0:
        transform: {fileID: 1498853527}
        weight: 1
      m_Item1:
        transform: {fileID: 0}
        weight: 0
      m_Item2:
        transform: {fileID: 0}
        weight: 0
      m_Item3:
        transform: {fileID: 0}
        weight: 0
      m_Item4:
        transform: {fileID: 0}
        weight: 0
      m_Item5:
        transform: {fileID: 0}
        weight: 0
      m_Item6:
        transform: {fileID: 0}
        weight: 0
      m_Item7:
        transform: {fileID: 0}
        weight: 0
    m_Offset: {x: 0, y: 0, z: 0}
    m_MinLimit: -100
    m_MaxLimit: 100
    m_AimAxis: 2
    m_UpAxis: 2
    m_WorldUpType: 0
    m_WorldUpObject: {fileID: 0}
    m_WorldUpAxis: 2
    m_MaintainOffset: 0
    m_ConstrainedAxes:
      x: 1
      y: 1
      z: 1
  m_SourceObjectsGUIToggle: 1
  m_SettingsGUIToggle: 1
--- !u!4 &2058953944 stripped
Transform:
  m_CorrespondingSourceObject: {fileID: 400102, guid: 959d14bf134f54a6e993fe6ca6e063c0, type: 3}
  m_PrefabInstance: {fileID: 657391339}
  m_PrefabAsset: {fileID: 0}
--- !u!4 &2087688810 stripped
Transform:
  m_CorrespondingSourceObject: {fileID: 400064, guid: 959d14bf134f54a6e993fe6ca6e063c0, type: 3}
  m_PrefabInstance: {fileID: 657391339}
  m_PrefabAsset: {fileID: 0}
